,seq_num,id,social_id1,zip_code,occupation,sex,height,weight,married,dise,want_diet,created,waist,heap,loss_part,diet_purpose,diet,bmi,order_id,pfid,p_name,p_price,p_created,p_quantity
0,28,webinner,740101.0,137-070,6.0,1.0,170.0,62.0,0.0,,61.0,2000-05-12 오후 3:38:49,,,"1, 2",3.0,4,21.0,16560,MDGLIKE001,"오레그 O다리,X다리 교정벨트(고급형)",27000,2001-05-17 01:10:38,1
1,29,webinner,740101.0,137-070,6.0,1.0,170.0,62.0,0.0,,61.0,2000-05-12 오후 3:38:49,,,"1, 2",3.0,4,21.0,16926,MDGLIKE001,"오레그 O다리,X다리 교정벨트(고급형)",27000,2001-05-17 01:26:33,1
2,30,webinner,740101.0,137-070,6.0,1.0,170.0,62.0,0.0,,61.0,2000-05-12 오후 3:38:49,,,"1, 2",3.0,4,21.0,16941,MDGLIKE001,"오레그 O다리,X다리 교정벨트(고급형)",27000,2001-05-17 02:19:23,1
3,31,webinner,740101.0,137-070,6.0,1.0,170.0,62.0,0.0,,61.0,2000-05-12 오후 3:38:49,,,"1, 2",3.0,4,21.0,16944,MDGLIKE001,"오레그 O다리,X다리 교정벨트(고급형)",27000,2001-05-17 02:27:24,1
4,32,webinner,740101.0,137-070,6.0,1.0,170.0,62.0,0.0,,61.0,2000-05-12 오후 3:38:49,,,"1, 2",3.0,4,21.0,16967,MDGBEAT004,아로마 장미향,20000,2001-05-17 04:25:11,1
5,33,webinner,740101.0,137-070,6.0,1.0,170.0,62.0,0.0,,61.0,2000-05-12 오후 3:38:49,,,"1, 2",3.0,4,21.0,16974,MDEPART001,매직마스크,149400,2001-05-17 04:49:20,6
6,34,bluezoo,761220.0,430-818,17.0,2.0,167.0,58.0,0.0,2,54.0,2000-08-18 오후 1:59:10,28,35,"4, 5, 6, 8",1.0,5,21.0,3199,MDEPART007,파워세라믹종아리 다이어트,39000,2001-05-28 08:26:02,1
7,35,sunsook1120,751120.0,630-490,17.0,2.0,168.0,62.0,0.0,3,55.0,2000-10-20 오전 11:32:54,,,"1, 2, 3, 4, 5, 6, 7",1.0,"1, 2, 4",21.0,3617,MDGLIKE013,뷰티라인(땡김이)-멀티,22000,2001-05-28 10:12:39,1
8,36,ramuramu,840505.0,000-000,15.0,2.0,158.0,57.0,0.0,"2, 4",56.0,2000-10-19 오후 11:23:13,83,99,"1, 2, 3, 4, 6",5.0,4,24.0,3644,MDGVDCD020,이영자 점프 다이어트,15000,2001-05-27 11:09:03,1
9,37,yhs6543,650410.0,137-072,17.0,2.0,159.0,53.0,1.0,2,47.0,2000-08-16 오전 10:37:18,27,34,6,3.0,"1, 2, 4, 5",20.0,3766,PDCGOOD001,퍼펙트 프로그램,310000,2001-05-23 05:13:53,1
10,39,chung7327,730327.0,449-840,6.0,1.0,180.0,84.0,0.0,3,80.0,2000-09-18 오후 6:57:53,36,,"1, 3, 4",3.0,4,29.0,5337,MDFMEAL017,저스트디스다이어트,0,2001-05-24 04:15:34,0
11,40,minimee,740531.0,156-020,15.0,2.0,160.0,46.0,0.0,,44.0,2000-06-14 오전 11:16:57,26,00,"1, 3, 8",1.0,4,17.0,6167,PDFFUNC001,내추럴하우스 라인-업,60000,2001-05-28 09:10:42,1
12,41,hammy99,800808.0,122-080,15.0,2.0,164.0,51.0,0.0,,48.0,2000-12-01 오후 7:56:07,,,"2, 4, 6",1.0,5,19.0,6217,MDGLIKE006,매직마스크,24900,2001-05-27 01:36:40,1
13,42,miyeon2,821216.0,122-072,15.0,2.0,167.0,83.0,0.0,4,79.0,2000-08-07 오전 12:14:26,34,44,"1, 2, 3, 6, 7",2.0,4,29.0,6501,MDGLIKE014,뷰티라인(땡김이) 세트,58000,2001-05-26 10:13:31,1
14,43,ippn,770415.0,626-821,17.0,2.0,160.0,47.0,0.0,2,45.0,2000-10-27 오후 5:31:32,27,37,"5, 9",5.0,4,18.0,7412,MDGLIKE012,뷰티라인(땡김이)-심플,18000,2001-05-29 01:28:42,1
15,44,dbsqo072,790815.0,142-072,17.0,2.0,163.5,54.0,0.0,,50.0,2000-08-23 오후 4:31:27,28,94,"1, 2, 3, 4, 5, 6, 7, 8, 9",1.0,"1, 6",20.0,7607,MDGLIKE010,다이어트 짐닉볼65,59400,2001-05-28 04:18:14,1
16,46,kikkik48,780822.0,151-057,15.0,2.0,164.0,64.0,0.0,2,50.0,2001-02-10 오전 2:28:21,29,?,"1, 6",3.0,9,23.0,9442,MDGFASH002,다이어트 코르셋,35000,2001-05-25 06:19:44,1
17,47,lastman,730907.0,150-044,4.0,1.0,170.0,52.0,0.0,2,51.0,2000-02-09 오후 9:12:12,27,40,"1, 5",1.0,1,19.0,10067,MDEHRWE008,파워세라믹종아리 다이어트,39000,2001-05-23 04:52:40,1
18,48,hsh513,810513.0,137-130,3.0,2.0,168.0,56.0,0.0,"1, 2",54.0,2000-12-11 오후 12:04:46,25,38,"2, 4, 6, 7",1.0,"1, 5, 7",21.0,10477,MDEPART015,매직리프팅,23900,2001-05-28 01:17:29,1
19,49,hwang275,660512.0,156-030,14.0,2.0,170.0,76.0,1.0,"1, 2",20.0,2001-03-06 오후 6:17:57,32,99,"1, 2, 3, 4, 6, 7, 9",4.0,"1, 2, 8, 10",26.0,10984,GDCBEST008,8KG감량,600000,2001-05-23 05:55:11,1
20,50,lilyhs,810725.0,680-013,17.0,2.0,158.0,63.0,0.0,"2, 3, 4",49.0,2001-03-20 오후 9:28:44,29,,"1, 3, 4",3.0,"4, 10",25.0,11793,MDGVDCD021,이영자 다이어트+ 조성아 메이커업,27000,2001-05-27 01:51:53,1
21,51,jane,770713.0,137-064,12.0,2.0,165.0,51.0,0.0,4,48.0,2000-05-09 오전 9:52:53,26,36,"1, 6",5.0,10,18.0,17044,PDFFUNC005,풀무원 아프로디테,130000,2001-05-18 10:29:11,1
22,55,cozy54,781015.0,136-112,17.0,2.0,166.0,66.0,0.0,4,59.0,2000-10-26 오후 12:45:34,29,,"4, 6, 7, 8",1.0,10,23.0,13823,MDEETCC008,GDS-미니스텝퍼,48400,2001-05-24 06:36:59,1
23,57,balgarac,801128.0,110-090,15.0,2.0,167.0,65.0,0.0,2,56.0,2001-04-23 오전 3:27:16,29,33,"1, 2, 3, 4, 5, 6, 7, 9",1.0,"5, 6",23.0,15674,MDGVDCD011,이소라 슈퍼다이어트2,15000,2001-05-24 08:58:38,1
24,58,baby1531,820824.0,561-232,15.0,2.0,155.0,50.0,0.0,2,42.0,2001-01-21 오후 9:41:07,27,,"1, 2, 3, 4, 6, 7",1.0,4,20.0,16311,MDEPART003,뷰티라인-멀티,22000,2001-05-23 07:11:34,1
25,59,sasasa7,800508.0,156-035,15.0,2.0,160.0,52.0,0.0,1,48.0,2001-03-13 오후 3:28:33,26,37,"2, 4, 6, 7",1.0,"4, 5",20.0,16349,MDGLIKE008,미용척추벨트,27000,2001-05-24 12:25:50,1
26,65,webinner,740101.0,137-070,6.0,1.0,170.0,62.0,0.0,,61.0,2000-05-12 오후 3:38:49,,,"1, 2",3.0,4,21.0,17426,MDFFUNC004,말리브비치 투데이 주스1병,88000,2001-05-21 05:57:44,1
27,66,webinner,740101.0,137-070,6.0,1.0,170.0,62.0,0.0,,61.0,2000-05-12 오후 3:38:49,,,"1, 2",3.0,4,21.0,17431,GDCBEST002,2Kg감량,900000,2001-05-21 06:21:09,10
28,69,#joinskyrvic,740105.0,138-837,14.0,2.0,150.0,50.0,1.0,1,47.0,2000-12-28 오전 9:48:45,,,"2, 3, 6",3.0,,22.0,17507,MDEHLCE017,사이클5110,249000,2001-05-22 01:09:52,1
29,77,webinner,740101.0,137-070,6.0,1.0,170.0,62.0,0.0,,61.0,2000-05-12 오후 3:38:49,,,"1, 2",3.0,4,21.0,17674,GDCBEST004,4Kg감량,320000,2001-05-23 03:11:17,1
30,78,ani514,790514.0,131-220,15.0,2.0,164.0,58.0,0.0,"1, 2",48.0,2001-05-23 오후 2:45:56,28,35,6,1.0,"1, 5",21.0,17678,MDGFASH003,다이어트 긴바지,49000,2001-05-23 03:32:38,1
31,80,congcong0201,740706.0,210-931,17.0,2.0,164.0,50.0,0.0,"1, 2",47.0,2001-05-23 오후 3:42:36,27,32,"1, 3, 6, 7",1.0,10,18.0,17680,MDGBEAT008,아로마 레몬향,60000,2001-05-23 03:49:30,3
32,83,ani514,790514.0,131-220,15.0,2.0,164.0,58.0,0.0,"1, 2",48.0,2001-05-23 오후 2:45:56,28,35,6,1.0,"1, 5",21.0,17692,MDGFASH012,콘쥬르톱스,65000,2001-05-23 07:39:17,1
33,85,rubylin2,841003.0,100-828,15.0,2.0,156.0,56.0,0.0,,46.0,2001-02-22 오후 5:06:10,,,6,1.0,,23.0,17694,MDEPART004,뷰티라인-심플,18000,2001-05-23 08:05:52,1
34,86,verite,780202.0,135-010,15.0,2.0,155.0,84.0,0.0,,48.0,2001-03-28 오후 2:19:51,,,"1, 2, 3, 4, 5, 6, 7, 8, 9",5.0,"1, 2, 4, 5, 7, 8",30.0,17698,MDEHRWE001,나빌레HE-1,89000,2001-05-23 10:57:51,1
35,87,verite,780202.0,135-010,15.0,2.0,155.0,84.0,0.0,,48.0,2001-03-28 오후 2:19:51,,,"1, 2, 3, 4, 5, 6, 7, 8, 9",5.0,"1, 2, 4, 5, 7, 8",30.0,17698,MDEHRWE007,만보계 TA5623,23000,2001-05-23 10:57:51,1
36,88,3602620,710314.0,220-090,3.0,2.0,159.0,55.0,0.0,,53.0,2001-05-24 오전 10:03:34,28,34,"1, 2, 3, 8",1.0,,21.0,17714,PDFFUNC007,깜짝변신 다이어트세트,130000,2001-05-24 10:26:29,1
37,89,mega120,770417.0,472-840,4.0,2.0,153.0,50.0,0.0,,43.0,2001-02-26 오후 2:34:43,27,80,"1, 2, 3, 6, 7",1.0,"3, 4",21.0,17720,MDGFASH004,다이어트 반바지,29000,2001-05-24 11:48:53,1
38,97,rain7500,760425.0,609-350,17.0,2.0,162.0,52.0,0.0,2,49.0,2000-06-22 오전 9:33:17,,,"1, 3, 6, 7",1.0,10,19.0,17743,MDFMEAL009,파워헬스다이어트(커피맛),59500,2001-05-24 02:31:11,1
39,102,sosin100,810225.0,150056,15.0,2.0,167.0,54.0,0.0,2,53.0,2000-11-25 오전 2:51:13,69,96,"1, 2, 3, 6",1.0,"4, 10",20.0,17755,MDEPART005,김원희의 얼굴이 작아졌어요,14500,2001-05-25 01:53:45,1
40,105,akipink,720616.0,411-352,17.0,2.0,160.0,52.0,0.0,,48.0,2000-10-09 오후 12:28:02,27,,"6, 7",1.0,1,20.0,17769,MDFMEAL004,말리브비치 투데이 주스1병,88000,2001-05-25 10:33:03,1
41,106,akipink,720616.0,411-352,17.0,2.0,160.0,52.0,0.0,,48.0,2000-10-09 오후 12:28:02,27,,"6, 7",1.0,1,20.0,17769,MDFMEAL005,말리브비치 다이어트바 12개,66000,2001-05-25 10:33:03,1
42,109,jy1415,710406.0,135-120,17.0,2.0,158.0,45.0,0.0,2,42.0,2001-05-25 오후 1:29:47,,26,1,3.0,6,18.0,17787,MDEPART012,매직후프 디지털(계측기 포함)1세트,27000,2001-05-25 03:33:23,1
43,115,neome,770612.0,121-781,15.0,2.0,162.0,54.0,0.0,,50.0,2001-04-09 오후 11:06:20,,,"4, 6",1.0,4,20.0,12574,MDFMEAL008,뉴케어슬림,36000,2001-05-27 02:03:28,1
44,119,happypoox,771006.0,500-041,12.0,2.0,161.0,63.0,0.0,,52.0,2000-10-26 오전 9:08:55,,,1,,,20.0,16119,MDEHRWE010,웨이브훌라후프 골드2세트,25000,2001-05-26 11:29:19,1
45,125,pinalia,691029.0,138-180,15.0,2.0,160.0,51.5,0.0,"1, 2",47.0,2001-05-24 오후 11:32:25,,,"1, 6",3.0,,20.0,17777,MDGFASH005,잡플러스 다이어트 스타킹(무릎형),0,2001-05-26 12:39:09,0
46,128,gigelove,800312.0,425-160,17.0,2.0,176.0,64.0,0.0,1,61.0,2000-11-08 오후 9:05:50,29,38,"1, 2, 3, 4, 6",5.0,"1, 2, 4, 10",20.0,17809,MDEPART016,매직마스크+매직리프팅,48000,2001-05-26 12:45:14,1
47,130,rienn,770601.0,411-314,16.0,2.0,173.0,53.0,0.0,"1, 2, 4",52.0,2000-06-30 오전 11:44:24,26,33,"1, 3, 7",3.0,"5, 10",17.0,17823,MDFFIBE002,클린화이버,20000,2001-05-26 11:04:12,1
48,144,kwakmago,720217.0,135-010,3.0,2.0,158.0,57.0,0.0,,50.0,2001-01-29 오전 11:22:38,27,100,"1, 3, 6, 7",2.0,,22.0,17867,MDEETCC013,파워스텝퍼(계측기),59000,2001-05-27 12:10:31,1
49,172,arigucci,791023.0,135-891,12.0,2.0,164.0,48.0,0.0,"1, 4",45.0,2001-04-15 오후 7:52:02,25,27,"2, 6",1.0,10,17.0,17952,MDEHRWE012,체중계 디지털 HD 308+만보계 TA5623,53000,2001-05-27 10:51:22,1
50,173,vikygy,800314.0,540-060,15.0,2.0,158.0,50.0,0.0,,47.0,2001-05-27 오후 10:45:41,,,,,,20.0,17953,MDEPART003,뷰티라인-멀티,22000,2001-05-27 11:01:46,1
51,174,loveshinji,810201.0,440-320,15.0,2.0,171.0,65.0,0.0,2,62.0,2001-02-07 오전 1:08:47,29,38,"1, 2, 3, 6",1.0,"4, 5, 10",22.0,17956,MDEPART003,뷰티라인-멀티,22000,2001-05-27 11:17:46,1
52,175,joojjoo,761207.0,152-092,4.0,2.0,161.5,51.0,0.0,1,46.0,2000-10-06 오후 7:48:35,26,,"1, 4, 5",1.0,4,19.0,17961,MDGLIKE013,뷰티라인(땡김이)-멀티,22000,2001-05-27 11:48:20,1
53,176,hoppingcat,810124.0,151-775,15.0,2.0,165.0,70.0,0.0,"2, 4",66.0,2001-05-21 오전 2:13:31,,,"1, 2, 3, 4, 5, 6, 7, 8, 9",1.0,,23.0,17962,MDEHRWE005,체중계 기계식 TA1526,28000,2001-05-27 11:53:28,1
54,179,SHR1,701030.0,480-772,3.0,2.0,168.0,53.0,0.0,,49.0,2001-03-28 오전 10:45:36,27,,"1, 2, 3, 5, 6",1.0,,18.0,11927,MDGFASH008,콘쥬르 7부바지,68000,2001-05-30 07:28:58,1
55,183,su0620,801101.0,600-014,3.0,2.0,168.0,73.0,0.0,,65.0,2000-08-28 오후 1:01:06,,,,3.0,"1, 5",25.0,13074,MDFFIBE004,글루코나이스 포르테,35000,2001-05-28 09:41:38,1
56,188,haemisis,750124.0,463-030,3.0,2.0,150.0,51.5,0.0,"1, 2",49.0,2001-05-04 오후 6:01:20,27,33,"1, 2, 6, 7",3.0,2,23.0,15504,PDFMEAL014,풀무원 드림다이어트,300000,2001-05-30 10:22:41,1
57,189,eunski,730809.0,441-460,15.0,2.0,168.0,70.0,0.0,2,60.0,2001-05-08 오전 12:11:56,30,,"2, 6, 7",1.0,"1, 2, 4, 5, 6",24.0,15837,MDGBEAT001,튼살크림(Stretch mark beauty cream),33000,2001-05-29 11:18:57,1
58,195,p3692,740317.0,121-874,17.0,2.0,160.0,58.0,0.0,"1, 2, 4",54.0,2000-10-19 오후 1:09:07,72,98,"1, 2, 6",1.0,4,22.0,17332,PDFMEAL015,싹틴생식<br>,100000,2001-05-28 12:12:41,1
59,196,doubleluck,751116.0,139-815,3.0,2.0,164.5,62.0,0.0,"2, 4",57.0,2001-01-04 오전 11:01:02,29-30,,"1, 3, 5, 7, 8, 9",1.0,"2, 4, 8",22.0,17413,MDEHRWE002,체중계 디지털 HD 308,35000,2001-05-28 11:08:59,1
60,198,namiduck,731001.0,121-871,1.0,2.0,152.0,49.0,0.0,,45.0,2001-05-24 오전 10:22:01,26,,"4, 6, 7",1.0,1,21.0,17723,MDEPART002,뷰티라인 세트,0,2001-05-28 10:41:04,0
61,201,altjsl79,790522.0,502-200,3.0,2.0,162.0,63.0,0.0,"1, 2",55.0,2001-02-19 오후 1:57:20,29,,"3, 4, 9",1.0,4,24.0,17778,PDFMEAL016,깜짝변신 다이어트세트,130000,2001-05-28 10:41:14,1
62,205,yangsj4314,770610.0,449-020,17.0,2.0,156.0,56.0,0.0,2,45.0,2001-03-10 오전 2:17:12,28,,"1, 2, 3, 6, 7, 8",2.0,3,22.0,17972,MDGLIKE013,뷰티라인(땡김이)-멀티,22000,2001-05-28 02:37:14,1
63,206,bootoyou,781107.0,302-775,15.0,2.0,166.0,65.0,0.0,1,61.0,2001-05-28 오전 3:24:42,,,"1, 4, 7",1.0,"2, 7, 9",23.0,17974,MDGVDCD011,이소라 슈퍼다이어트2,15000,2001-05-28 03:29:53,1
64,207,uoodesign,710315.0,621-872,17.0,2.0,160.0,57.0,0.0,2,54.0,2000-10-23 오전 8:48:22,27,,"2, 3, 6",1.0,10,22.0,17977,MDGLIKE006,매직마스크,24900,2001-05-28 11:15:15,1
65,208,alslek,810217.0,152-050,17.0,2.0,155.0,50.0,0.0,"1, 2",45.0,2001-04-02 오전 9:10:38,,,"1, 3, 4, 6, 7, 8, 9",4.0,2,20.0,17980,MDEPART003,뷰티라인-멀티,22000,2001-05-29 03:47:44,1
66,209,dove98,710323.0,440-330,17.0,2.0,163.0,58.0,0.0,,53.0,2000-10-09 오후 9:42:11,,,"1, 2, 3, 6",3.0,10,21.0,17981,MDGVDCD020,이영자 점프 다이어트,15000,2001-05-28 09:04:23,1
67,210,minj1110,731110.0,480-013,14.0,2.0,164.0,69.0,1.0,3,10.0,2001-05-04 오전 10:57:31,34,,"1, 3, 5, 7",3.0,,25.0,17982,PDCGOOD001,퍼펙트 프로그램,310000,2001-05-28 09:13:17,1
68,211,jh396,570515.0,152-056,14.0,2.0,155.0,57.0,1.0,2,54.0,2000-11-24 오전 10:02:58,28,34,"1, 6, 7",1.0,"2, 4",23.0,17986,MDGLIKE013,뷰티라인(땡김이)-멀티,22000,2001-05-28 09:24:59,1
69,212,dambieyo,770615.0,135-080,12.0,2.0,165.0,58.0,0.0,,50.0,2000-10-09 오전 9:26:51,28,38,"2, 6",1.0,4,21.0,17988,MDEPART003,뷰티라인-멀티,22000,2001-05-29 08:42:01,1
70,213,kyoyoung,820222.0,156-093,15.0,2.0,168.0,54.0,0.0,2,52.0,2001-03-06 오전 9:04:03,27.5,38.5,"2, 3, 6",1.0,10,20.0,17989,MDGFASH004,다이어트 반바지,29000,2001-05-28 09:42:15,1
71,214,goodbody,750513.0,138-858,3.0,2.0,164.0,63.0,0.0,1,53.0,2001-01-17 오후 1:22:55,28,36,"2, 4, 5, 6, 7",1.0,"1, 4, 5",23.0,17991,MDEPART016,매직마스크+매직리프팅,48000,2001-05-28 09:43:48,1
72,215,kyoyoung,820222.0,156-093,15.0,2.0,168.0,54.0,0.0,2,52.0,2001-03-06 오전 9:04:03,27.5,38.5,"2, 3, 6",1.0,10,20.0,17992,MDGFASH004,다이어트 반바지,29000,2001-05-28 09:43:36,1
73,216,ujh0325,730809.0,440-240,17.0,2.0,165.0,65.0,0.0,2,61.0,2001-05-01 오후 1:50:52,30,,"1, 2, 3, 4, 6, 7",4.0,"1, 4, 7",23.0,17993,MDGLIKE013,뷰티라인(땡김이)-멀티,22000,2001-05-28 09:47:44,1
74,217,jieun100,740201.0,139-242,3.0,2.0,163.0,58.0,0.0,"1, 2",50.0,2000-08-28 오전 9:26:26,28,,"1, 4, 5, 7",2.0,"1, 5, 9",21.0,17994,MDGLIKE006,매직마스크,24900,2001-05-28 09:53:34,1
75,218,purple,680415.0,137-071,6.0,2.0,159.0,60.0,0.0,"1, 2, 4",55.0,2000-07-28 오후 5:40:34,28,38,"4, 6, 7",2.0,"3, 4, 8, 9",23.0,17995,PDFMEAL016,깜짝변신 다이어트세트,130000,2001-05-28 09:57:08,1
76,219,altjs1972,720512.0,431-080,3.0,2.0,161.0,58.0,0.0,,52.0,2000-11-20 오전 11:53:46,28,34,"1, 2, 6, 7",5.0,2,23.0,17996,PDFFUNC001,내추럴하우스 라인-업,60000,2001-05-28 10:00:36,1
77,220,eujean1,750211.0,122-080,15.0,2.0,160.0,48.0,0.0,"1, 2",44.0,2001-03-19 오후 3:07:57,64,89,"2, 6, 7",1.0,1,18.0,17997,MDEPART016,매직마스크+매직리프팅,48000,2001-05-28 10:12:47,1
78,221,missksc,750830.0,135-080,3.0,2.0,160.0,60.0,0.0,,56.0,2000-11-22 오후 6:01:12,28,35,"1, 2, 3, 5, 6, 7, 8, 9",2.0,,23.0,17998,MDEETCC018,AB 슬라이더,53000,2001-05-28 10:16:34,1
79,222,missksc,750830.0,135-080,3.0,2.0,160.0,60.0,0.0,,56.0,2000-11-22 오후 6:01:12,28,35,"1, 2, 3, 5, 6, 7, 8, 9",2.0,,23.0,17998,MDGVDCD021,이영자 다이어트+ 조성아 메이커업,27000,2001-05-28 10:16:34,1
80,223,daphne74,740827.0,121-042,14.0,2.0,160.0,48.0,1.0,,47.0,2001-05-28 오전 10:13:18,27,,4,1.0,,18.0,17999,MDGLIKE012,뷰티라인(땡김이)-심플,18000,2001-05-28 10:15:41,1
81,224,carrotfull,760120.0,450-759,14.0,2.0,159.0,63.0,1.0,"1, 2",55.0,2000-12-24 오전 12:09:27,29,,"1, 2, 3, 6",4.0,"2, 3, 4",24.0,18001,PDFFUNC007,깜짝변신 다이어트세트,130000,2001-05-28 10:37:06,1
82,225,sense100kr,780115.0,449-716,3.0,2.0,159.5,52.5,0.0,2,48.0,2000-11-07 오전 8:50:44,26,,"2, 6, 7",1.0,"3, 5",20.0,18002,PDFFUNC001,내추럴하우스 라인-업,60000,2001-05-28 10:26:08,1
83,226,bijouj,691212.0,601-010,3.0,2.0,160.0,54.0,0.0,,51.0,2001-05-19 오전 9:19:54,27,32,"1, 2, 3, 4, 7, 9",3.0,"1, 4, 5",21.0,18003,PDFFUNC001,내추럴하우스 라인-업,60000,2001-05-28 03:26:02,1
84,227,carrotfull,760120.0,450-759,14.0,2.0,159.0,63.0,1.0,"1, 2",55.0,2000-12-24 오전 12:09:27,29,,"1, 2, 3, 6",4.0,"2, 3, 4",24.0,18005,PDFFUNC007,깜짝변신 다이어트세트,130000,2001-05-28 10:38:47,1
85,228,meeyada,760509.0,604-022,12.0,2.0,171.0,60.0,0.0,2,55.0,2000-06-29 오전 9:29:07,28,,"1, 3, 5",2.0,"2, 4, 10",20.0,18008,MDGLIKE013,뷰티라인(땡김이)-멀티,22000,2001-05-28 10:44:10,1
86,229,ddogjini,700610.0,100-391,3.0,2.0,160.0,53.0,0.0,2,50.0,2000-10-26 오후 1:02:01,27,32,"1, 3",3.0,"4, 8, 9",20.0,18009,MDEPART003,뷰티라인-멀티,22000,2001-05-28 10:44:47,1
87,230,sunamjin,811105.0,135-092,3.0,2.0,167.0,59.0,0.0,4,50.0,2001-04-18 오후 5:31:09,30,37,"1, 3, 5, 8",3.0,4,21.0,18011,MDFMEAL009,파워헬스다이어트(커피맛),59500,2001-05-28 01:15:06,1
88,231,0253time,810212.0,390-240,17.0,2.0,160.0,62.0,0.0,,52.0,2001-05-15 오후 10:14:03,,,"2, 3, 6, 7",2.0,3,24.0,18013,MDGVDCD020,이영자 점프 다이어트,15000,2001-05-28 11:40:21,1
89,232,kiss0309,751126.0,463-913,12.0,2.0,165.0,105.0,0.0,,55.0,2001-05-28 오전 11:18:03,48,48,"1, 2, 3, 4, 5, 6, 7, 8, 9",2.0,"1, 2, 3, 4",38.0,18014,PDFFUNC001,내추럴하우스 라인-업,60000,2001-05-28 11:54:28,1
90,233,mm1201,760627.0,150-834,15.0,2.0,162.0,49.0,0.0,,45.0,2000-09-15 오전 10:26:35,27,33,"1, 3, 4, 5, 6, 7, 8",1.0,10,19.0,18017,MDFMEAL020,대상참생식,77000,2001-05-28 01:08:38,1
91,241,godus12,780813.0,100-391,12.0,2.0,160.0,58.0,1.0,2,46.0,2000-10-27 오후 10:02:35,,,6,5.0,10,22.0,18039,MDEETCC014,스텝퍼GD130<특가한정>,67000,2001-05-28 03:26:29,1
92,254,Goodmm,780325.0,621-871,17.0,2.0,162.0,54.0,0.0,2,50.0,2001-05-26 오후 10:27:39,28,,"1, 2, 3, 6, 7",1.0,"2, 10",20.0,18084,MDGVDCD017,조혜련의 다이어트 댄스,13000,2001-05-28 11:27:37,1
93,38,sky8525,750110.0,302-190,12.0,2.0,162.0,57.0,0.0,,48.0,2000-08-25 오전 10:12:04,28,,"1, 7",1.0,"2, 3, 8",21.0,5009,MDEPART007,파워세라믹종아리 다이어트,29900,2001-05-31 05:08:33,1
94,260,ruby9042,761207.0,151-842,12.0,2.0,155.0,61.0,0.0,"1, 2, 4",48.0,2001-05-24 오후 2:16:32,32,38,"1, 2, 3, 5, 6, 7, 8, 9",3.0,,24.0,18102,PDFHSFD007,율무효소,35000,2001-05-29 10:02:38,1
95,268,keny11,820219.0,680-012,15.0,2.0,165.0,82.0,0.0,,55.0,2000-10-14 오후 2:58:29,34-35,,"1, 2, 4, 6, 8",1.0,2,30.0,18117,MDGVDCD004,다이어트음악,14000,2001-05-29 01:05:46,1
96,269,isalala,680727.0,680-774,1.0,2.0,158.0,49.0,1.0,2,46.0,2001-05-29 오후 1:08:45,26,90,"1, 3, 5, 6, 7, 9",5.0,"2, 5, 8",19.0,18120,MDFFUNC006,오오바꼬 다이어트,89000,2001-05-29 01:13:38,1
97,272,sjr0328,750328.0,137-866,12.0,2.0,162.0,53.0,0.0,1,50.0,2000-08-05 오후 1:38:10,26,,"1, 2, 3, 4, 5, 6, 7",3.0,"5, 10",20.0,18127,MDGLIKE011,타니타 초간편 구취측정기,59000,2001-05-29 01:48:14,1
98,284,toy012,790919.0,121-251,3.0,2.0,163.0,60.0,0.0,1,58.0,2000-09-23 오전 11:12:22,25,,"2, 6, 7",3.0,,18.0,18156,MDEPART009,GDS-미니스텝퍼,48400,2001-05-29 06:18:10,1
99,308,jj2594,830209.0,682-822,12.0,2.0,163.0,62.0,0.0,,50.0,2001-05-30 오후 1:04:03,,,"2, 6, 7, 9",5.0,1,23.0,18198,PDFMEAL002,싹틴 가족생식20포,55000,2001-05-30 01:19:11,1
100,315,lafontaine,780314.0,121-231,15.0,2.0,158.0,48.4,0.0,,45.0,2001-05-16 오후 1:06:15,,,"1, 3, 4, 7",3.0,5,20.0,18219,PDFMEAL013,풀무원 다이어트 클래식,100000,2001-05-30 05:51:41,1
101,324,pinky74,740313.0,122-100,12.0,2.0,161.0,61.0,0.0,1,45.0,2000-11-06 오후 12:10:37,,,"2, 4, 6, 7",1.0,"4, 5",23.0,18238,PDFFIBE005,굿모닝화이버<br>,50000,2001-05-30 11:29:28,1
102,346,hayuni79,791224.0,449-912,1.0,2.0,160.0,55.0,0.0,"1, 2, 4",51.0,2001-05-31 오후 9:45:55,28,,"1, 2, 3, 6, 7",1.0,10,21.0,18300,MDEHRWE004,체중계 기계식 TA1703,18000,2001-05-31 10:09:13,1
103,350,lskbey,741005.0,445-974,1.0,2.0,160.0,43.0,0.0,2,42.0,2000-10-20 오후 7:46:35,66,82,"1, 2, 3, 4",3.0,10,17.0,3676,MDGVDCD014,신디크로포드의 새로운 몸매 가꾸기-2000년판,15000,2001-06-02 05:14:05,1
104,351,lskbey,741005.0,445-974,1.0,2.0,160.0,43.0,0.0,2,42.0,2000-10-20 오후 7:46:35,66,82,"1, 2, 3, 4",3.0,10,17.0,3676,MDGVDCD009,김원희의 얼굴이 작아졌어요,14500,2001-06-02 05:14:05,1
105,369,rebekah1,741024.0,100-756,17.0,2.0,161.0,58.0,0.0,,52.0,2001-02-06 오전 10:06:28,,,"1, 3, 5, 6, 7",2.0,,22.0,9613,MDEHRWE011,웨이브 훌라후프 1세트,13000,2001-06-04 05:47:51,1
106,370,032pooh,790114.0,401-751,3.0,2.0,163.0,88.0,0.0,1,80.0,2001-02-15 오후 3:46:16,34,50,"1, 2, 6, 7, 9",3.0,4,33.0,9894,MDEETCC008,GDS-미니스텝퍼,39900,2001-06-04 11:03:47,1
107,371,redhair9,771020.0,140-211,15.0,2.0,156.0,55.4,0.0,2,52.0,2000-12-28 오전 11:11:24,26,,"4, 5, 6, 7",1.0,"4, 5",22.0,10480,MDGLIKE013,뷰티라인(땡김이)-멀티,22000,2001-06-05 10:57:32,1
108,372,leebat,600411.0,110-750,3.0,1.0,170.0,67.0,1.0,,62.0,2001-03-09 오후 11:25:42,32,,"1, 4",1.0,"3, 4",23.0,10938,MDEPART001,매직마스크,24900,2001-06-02 06:27:17,1
109,373,52524ra,760528.0,441-849,15.0,2.0,160.0,49.0,0.0,"1, 2, 3",47.0,2001-01-03 오후 9:25:54,27,30,6,1.0,"1, 2, 3, 4",19.0,10975,PDFMEAL002,싹틴 가족생식20포,55000,2001-06-04 11:17:44,1
110,374,osk68,680609.0,152-081,3.0,2.0,168.0,66.0,1.0,,58.0,2001-03-13 오전 12:53:06,,,,,,23.0,11090,PDFMEAL016,깜짝변신 다이어트세트,130000,2001-06-02 07:49:48,1
111,375,nhkha,800828.0,143-900,15.0,2.0,162.0,53.0,0.0,2,49.0,2001-02-05 오전 12:15:12,27,,"1, 6, 7",1.0,"1, 3, 4, 5, 10",19.0,11458,MDEHRWE008,파워세라믹종아리 다이어트,29900,2001-06-02 11:15:42,1
112,376,namyo2000,791012.0,122-041,15.0,2.0,162.0,54.0,0.0,"2, 3",49.0,2000-10-08 오후 1:38:41,27,34,"1, 2, 6, 7",1.0,"2, 7, 8",20.0,11715,MDEPART014,AB 슬라이더,53000,2001-06-03 11:28:33,1
113,417,pis0229,680227.0,680-140,15.0,2.0,160.0,50.0,0.0,"1, 2, 4",45.0,2000-10-13 오후 12:13:24,25,,"1, 4, 6, 9",3.0,,19.0,18346,MDGVDCD005,스트레스해소음악,14000,2001-06-01 11:42:31,1
114,418,pis0229,680227.0,680-140,15.0,2.0,160.0,50.0,0.0,"1, 2, 4",45.0,2000-10-13 오후 12:13:24,25,,"1, 4, 6, 9",3.0,,19.0,18346,MDGVDCD018,이승희에어로빅다이어트,11000,2001-06-01 11:42:31,1
115,419,pis0229,680227.0,680-140,15.0,2.0,160.0,50.0,0.0,"1, 2, 4",45.0,2000-10-13 오후 12:13:24,25,,"1, 4, 6, 9",3.0,,19.0,18346,MDGVDCD013,김혜선과 클론의 클롱 다이어트,14000,2001-06-01 11:42:31,1
116,436,nevaru,751021.0,000-000,15.0,2.0,160.0,56.9,0.0,2,54.0,2000-06-29 오전 7:38:10,,,"1, 2, 3, 4, 6, 7",1.0,5,21.0,18413,PDCGOOD004,프리미엄 프로그램2,210000,2001-06-01 11:37:09,1
117,45,dbsqo072,790815.0,142-072,17.0,2.0,163.5,54.0,0.0,,50.0,2000-08-23 오후 4:31:27,28,94,"1, 2, 3, 4, 5, 6, 7, 8, 9",1.0,"1, 6",20.0,7607,MDGVDCD020,이영자 점프 다이어트,15000,2001-05-28 04:18:14,1
118,441,sunnirvana,630214.0,621-754,17.0,2.0,161.0,54.0,0.0,,49.0,2001-05-08 오후 2:24:20,28,37,"1, 3, 6",1.0,5,20.0,18429,MDGVDCD022,조성아 메이크업,14000,2001-06-02 01:55:55,1
119,455,pporolee,820621.0,135-080,7.0,2.0,163.0,58.0,0.0,2,52.0,2001-02-05 오전 7:33:03,,,"2, 3, 6",2.0,4,24.0,18454,PDCGOOD002,스페셜 프로그램,220000,2001-06-02 07:27:24,1
120,469,tooya404,770123.0,415-759,12.0,2.0,165.0,52.0,0.0,"1, 2",50.0,2000-12-13 오전 9:31:50,28,35,"1, 6, 7",5.0,9,19.0,18497,MDGBEAT005,아로마 소나무향,20000,2001-06-02 03:34:39,1
121,484,hanilove79,811222.0,150-010,7.0,2.0,168.0,59.0,0.0,"1, 2, 4",57.0,2000-10-22 오후 7:39:03,28,30,"1, 2, 3, 4, 6, 7, 9",1.0,2,20.0,18527,MDGBEAT002,아로마 쟈스민향,20000,2001-06-02 08:15:44,1
122,494,hamej,780820.0,131-140,15.0,2.0,156.0,48.0,0.0,2,40.0,2001-06-02 오후 11:57:27,26,32,4,1.0,10,19.0,18545,MDGLIKE007,쌍꺼풀 미용기,50000,2001-06-03 12:18:00,1
123,495,goagnes,690103.0,536-809,14.0,2.0,159.0,56.0,1.0,,47.0,2001-06-03 오전 12:16:15,,,"1, 2, 3, 6, 9",5.0,1,22.0,18547,MDFMEAL007,대상다이어트프로그램,70000,2001-06-03 12:18:59,1
124,516,HUNI80,800531.0,302-772,15.0,1.0,184.0,78.0,0.0,2,75.0,2001-06-03 오후 7:46:05,32,,1,3.0,10,23.0,18617,MDGLIKE018,따라하기(땡김이+비디오) 세트,35000,2001-06-03 07:51:11,1
125,521,goni69,700404.0,136-022,15.0,2.0,155.0,54.0,0.0,4,45.0,2001-03-02 오전 8:42:20,28,,"1, 2, 6",3.0,1,22.0,18624,PDFHSFD004,현미효소<br>,25000,2001-06-03 08:47:20,1
126,534,whiter2,711225.0,412-722,15.0,2.0,168.0,85.0,0.0,"2, 3",70.0,2001-06-03 오후 11:04:22,34,,"1, 3, 6",2.0,"1, 2, 7",30.0,18649,MDFMEAL010,파워헬스다이어트(딸기맛),59500,2001-06-03 11:19:47,1
127,581,jjw3226,580215.0,612-022,12.0,2.0,165.0,60.0,0.0,2,52.0,2001-06-04 오후 7:44:51,29,,"1, 3, 4",3.0,2,22.0,18775,MDFFIBE006,다이어트리화이버,28000,2001-06-04 07:48:39,1
128,607,heliotrope,740215.0,135-270,3.0,2.0,158.5,55.5,0.0,1,45.0,2000-12-05 오후 2:25:49,,,"1, 2, 3, 4, 5, 6, 7, 8, 9",4.0,"1, 3, 7, 9",22.0,18865,MDFFUNC003,말리브비치 투데이 주스2병,0,2001-06-05 04:57:14,0
129,608,poohwink,790213.0,330-090,15.0,2.0,159.0,58.5,0.0,2,57.0,2000-08-13 오후 10:01:14,29,,"1, 4, 5, 6, 7",1.0,"1, 4, 9",24.0,18868,PDFFUNC007,깜짝변신 다이어트세트,130000,2001-06-05 05:29:16,1
130,609,poohwink,790213.0,330-090,15.0,2.0,159.0,58.5,0.0,2,57.0,2000-08-13 오후 10:01:14,29,,"1, 4, 5, 6, 7",1.0,"1, 4, 9",24.0,18868,MDEETCC008,GDS-미니스텝퍼,39900,2001-06-05 05:29:16,1
131,610,hek1971,710813.0,482-851,14.0,2.0,165.0,64.0,1.0,"2, 4",56.0,2001-06-05 오후 7:03:05,28,30,"1, 2, 3, 6, 7",2.0,"2, 4",23.0,18875,MDGFASH004,다이어트 반바지,20900,2001-06-05 07:04:30,1
132,611,Christie01,840826.0,462-151,15.0,2.0,159.0,50.0,0.0,,47.0,2001-01-01 오후 2:11:31,26,,"2, 4, 6",2.0,4,20.0,18876,MDEPART001,매직마스크,24900,2001-06-05 07:45:16,1
133,612,shkim1125,761125.0,121-011,17.0,2.0,163.0,75.0,0.0,"1, 2",52.0,2001-06-05 오후 10:07:04,,,"1, 3, 8",2.0,3,28.0,18888,PDFFUNC001,내추럴하우스 라인-업,60000,2001-06-05 10:33:21,1
134,613,shkim1125,761125.0,121-011,17.0,2.0,163.0,75.0,0.0,"1, 2",52.0,2001-06-05 오후 10:07:04,,,"1, 3, 8",2.0,3,28.0,18889,MDGLIKE013,뷰티라인(땡김이)-멀티,22000,2001-06-05 10:37:26,1
135,614,SFASG,790310.0,617-101,15.0,2.0,164.0,62.0,0.0,2,56.0,2000-09-22 오후 10:30:58,,,6,1.0,"1, 9",23.0,4658,MDEPART003,뷰티라인-멀티,22000,2001-06-07 11:32:59,1
136,661,ssj7375,730705.0,130-706,3.0,2.0,161.0,55.0,0.0,2,47.0,2001-03-15 오전 10:58:35,27,36,"1, 2, 3, 4, 6",3.0,4,21.0,18982,MDGFASH007,잡플러스 다이어트 스타킹(밴드형),43000,2001-06-07 10:23:52,1
137,663,y2846,691010.0,369-800,1.0,2.0,160.0,68.0,1.0,"1, 2",55.0,2000-06-21 오후 4:00:04,,,"1, 2, 3, 5, 6, 7, 9",5.0,,26.0,18986,MDGFASH004,다이어트 반바지,20900,2001-06-07 10:53:21,1
138,664,baragi,760112.0,135-270,17.0,2.0,163.4,53.0,0.0,"1, 2",47.0,2001-03-20 오후 5:42:37,26,,"1, 4, 7",3.0,4,19.0,18989,MDEPART005,김원희의 얼굴이 작아졌어요,14500,2001-06-07 10:57:00,1
139,665,twoball,790106.0,402-063,17.0,2.0,162.0,47.0,0.0,,45.0,2001-06-07 오전 10:53:27,26,90,6,3.0,,17.0,18990,MDGFASH004,다이어트 반바지,20900,2001-06-07 10:57:39,1
140,666,o2slady,751012.0,467-010,7.0,2.0,173.0,73.0,0.0,"2, 4",55.0,2001-06-07 오전 10:30:43,32,00,"1, 2, 4, 6, 7",5.0,"1, 2, 3, 4",24.0,18992,MDEPART003,뷰티라인-멀티,22000,2001-06-07 11:20:32,1
141,667,941119,740619.0,413-010,14.0,2.0,155.0,54.0,1.0,2,51.0,2001-06-07 오후 12:08:06,28,,"1, 3, 7, 8, 9",1.0,,22.0,18996,GDCBEST008,8KG감량,600000,2001-06-07 12:11:16,1
142,52,jane,770713.0,137-064,12.0,2.0,165.0,51.0,0.0,4,48.0,2000-05-09 오전 9:52:53,26,36,"1, 6",5.0,10,18.0,17046,MDGLIKE001,"오레그 O다리,X다리 교정벨트(고급형)",27000,2001-05-18 10:34:14,1
143,53,sola2000,790225.0,701-020,15.0,2.0,160.0,50.0,0.0,2,46.0,2000-10-19 오후 5:36:57,27,35,"1, 3, 6, 7",1.0,"3, 4, 7, 10",19.0,12497,MDGVDCD020,이영자 점프 다이어트,15000,2001-05-25 12:32:05,1
144,54,csun75,750130.0,138-845,12.0,2.0,160.0,56.0,0.0,,53.0,2000-12-29 오전 11:20:47,27,37,"4, 6, 7",1.0,"1, 8",21.0,12769,PDFFUNC001,내추럴하우스 라인-업,60000,2001-05-25 12:15:16,1
145,690,wrkmk,630807.0,150-010,14.0,2.0,158.0,57.0,1.0,2,50.0,2001-06-07 오후 9:30:18,29,36,6,1.0,,22.0,19059,MDEETCC015,스폐셜킥보드,35900,2001-06-07 10:25:05,1
146,691,wrkmk,630807.0,150-010,14.0,2.0,158.0,57.0,1.0,2,50.0,2001-06-07 오후 9:30:18,29,36,6,1.0,,22.0,19059,MDFFUNC002,헬스다이어트-플러스 캅셀,50000,2001-06-07 10:25:05,1
147,710,apple68,680825.0,140-113,14.0,2.0,164.0,64.0,1.0,"1, 2",58.0,2001-04-26 오후 5:23:12,30,95,"1, 2, 3, 4, 5",4.0,1,23.0,14119,PDFMEAL011,내추럴하우스다이어트(커피맛),70000,2001-06-08 01:02:20,1
148,764,yeebin2,730903.0,407-713,14.0,2.0,163.0,74.0,1.0,"1, 2, 4",70.0,2001-06-08 오후 1:51:54,32,,"1, 2, 3, 4, 5, 6, 7, 8, 9",3.0,"2, 5, 8, 10",27.0,19145,MDEHLCE008,GDS-2018 오비트랙,185900,2001-06-08 03:55:25,1
149,817,alfojin,621213.0,712-771,12.0,2.0,159.0,51.5,1.0,2,47.0,2001-06-09 오후 1:19:45,25,,"1, 6, 7",5.0,,20.0,19288,MDGBEAT012,바디스컬쳐,80000,2001-06-09 02:49:00,1
150,979,gooddiet,622.0,134-082,12.0,2.0,167.0,52.0,1.0,,50.0,2000-05-10 오후 6:10:41,27,30,1,1.0,,20.0,19935,MDGFASH009,콘쥬르(탱크탑),58000,2001-06-13 04:20:26,1
151,985,skkyen,820323.0,120-750,15.0,2.0,163.0,57.7,0.0,,54.0,2001-06-13 오후 5:06:08,,,"1, 3, 4, 5, 6, 7, 8, 9",3.0,"1, 2",21.0,19951,PDCGOOD005,울트라 프로그램,210000,2001-06-13 05:37:18,1
152,1015,ebath73,730324.0,135-010,17.0,2.0,157.0,64.0,0.0,2,60.0,2001-06-13 오후 9:52:31,32,,"1, 6, 7",1.0,"3, 7",27.0,20073,MDGVDCD007,조 혜련의 다이어트 댄스-2탄,14000,2001-06-14 12:50:28,1
153,1043,toothgood,780118.0,131-881,12.0,2.0,163.0,50.0,0.0,2,45.0,2001-06-14 오후 11:11:59,26,36,6,2.0,,18.0,20160,MDGLIKE002,리베린 발가락교정기,33000,2001-06-14 11:13:27,1
154,1044,sky6039,640214.0,200-190,16.0,2.0,165.0,65.0,1.0,,59.0,2001-06-15 오전 3:55:07,,,"1, 2, 3, 6",1.0,,23.0,20173,MDGVDCD005,스트레스해소음악,14000,2001-06-15 04:02:32,1
155,1045,blue_sky27,840625.0,138-200,15.0,2.0,176.0,117.0,0.0,3,116.0,2001-06-11 오전 9:36:07,,,"1, 3, 6",1.0,5,38.0,20174,MDEPART007,파워세라믹종아리 다이어트,29900,2001-06-15 04:41:51,1
156,1046,blue_sky27,840625.0,138-200,15.0,2.0,176.0,117.0,0.0,3,116.0,2001-06-11 오전 9:36:07,,,"1, 3, 6",1.0,5,38.0,20174,MDEPART004,뷰티라인-심플,18000,2001-06-15 04:41:51,1
157,1047,blue_sky27,840625.0,138-200,15.0,2.0,176.0,117.0,0.0,3,116.0,2001-06-11 오전 9:36:07,,,"1, 3, 6",1.0,5,38.0,20175,MDEPART004,뷰티라인-심플,18000,2001-06-15 04:46:30,1
158,1048,blue_sky27,840625.0,138-200,15.0,2.0,176.0,117.0,0.0,3,116.0,2001-06-11 오전 9:36:07,,,"1, 3, 6",1.0,5,38.0,20175,MDEPART007,파워세라믹종아리 다이어트,29900,2001-06-15 04:46:30,1
159,1049,tjdgml74,741110.0,608-023,17.0,2.0,158.0,54.0,0.0,"1, 2, 4",45.0,2000-11-04 오후 12:48:53,27,,"1, 3, 5, 6, 7",3.0,10,21.0,20177,MDEETCC008,GDS-미니스텝퍼,39900,2001-06-15 07:21:09,1
160,1050,shineyou,761015.0,472-808,12.0,2.0,163.0,52.0,0.0,"1, 2, 4",49.0,2001-06-15 오전 7:54:15,,,"1, 2, 3, 4, 6, 7",1.0,2,19.0,20181,MDGLIKE006,매직마스크,24900,2001-06-15 07:57:32,1
161,1051,gooddiet,622.0,134-082,12.0,2.0,167.0,52.0,1.0,,50.0,2000-05-10 오후 6:10:41,27,30,1,1.0,,20.0,20192,PDFFUNC001,내추럴하우스 라인-업,60000,2001-06-15 09:48:23,1
162,1052,gooddiet,622.0,134-082,12.0,2.0,167.0,52.0,1.0,,50.0,2000-05-10 오후 6:10:41,27,30,1,1.0,,20.0,20192,MDEHRWE008,파워세라믹종아리 다이어트,29900,2001-06-15 09:48:23,1
163,1053,jsycm,670920.0,702-053,14.0,2.0,158.0,55.0,1.0,,50.0,2001-06-15 오전 10:29:33,,,,,,22.0,20204,MDEETCC001,뷰티풀유,39900,2001-06-15 10:36:39,1
164,1210,iamsunu,731010.0,135-230,1.0,2.0,164.0,54.0,1.0,,48.0,2001-06-09 오후 12:11:58,,,,5.0,,20.0,20701,MDGLIKE013,뷰티라인(땡김이)-멀티,22000,2001-06-19 01:06:10,1
165,1215,zzangzz,760915.0,133-022,12.0,2.0,155.0,44.26,0.0,,43.0,2000-09-19 오전 10:18:28,,,"1, 3",5.0,,18.0,20722,MDEPART011,스텝퍼GD130,67000,2001-06-19 04:16:27,1
166,56,3907,741215.0,100-271,6.0,2.0,155.0,48.0,0.0,1,45.0,2000-07-20 오후 2:26:10,27,,"2, 5, 6, 7",1.0,"4, 5",19.0,14397,MDGLIKE013,뷰티라인(땡김이)-멀티,22000,2001-05-25 10:55:46,1
167,1104,pureyuny,790720.0,137-071,16.0,2.0,169.0,59.0,0.0,"1, 2",50.0,2001-06-15 오후 8:35:50,,,"1, 2, 3, 6, 7",3.0,10,20.0,20283,MDEETCC006,GDS-T40트렘폴린,48400,2001-06-16 02:53:58,1
168,1174,kek6606,590308.0,604-827,14.0,2.0,151.0,77.0,1.0,"2, 3",60.0,2001-06-18 오전 10:57:48,35,38,1,4.0,1,33.0,20575,PDFMEAL012,풀무원 다이어트 치커리맛,100000,2001-06-18 11:13:39,1
169,1223,choisoran,710215.0,210-949,14.0,2.0,160.0,60.0,1.0,,50.0,2001-06-19 오후 8:50:37,,,"1, 5, 6, 7, 9",3.0,2,23.0,20752,MDGFASH010,콘쥬르롱바지,78000,2001-06-20 09:35:00,1
170,1239,j4y8j6,821205.0,151-010,12.0,2.0,165.0,60.0,0.0,2,47.0,2001-04-26 오후 11:07:15,30,50,"1, 2, 4, 6, 7",1.0,"4, 5",22.0,20830,PDFMEAL001,싹틴 가족생식60포,160000,2001-06-22 09:38:44,1
171,1241,mnmb0000,821019.0,450-860,16.0,2.0,155.0,58.0,0.0,2,45.0,2001-04-19 오후 8:38:23,30,34,"1, 2, 3, 4, 5, 6, 7, 8, 9",2.0,2,24.0,20842,MDEPART008,뷰티풀유,39900,2001-06-21 12:17:01,1
172,1263,ym1happy1,800924.0,305-335,15.0,2.0,170.0,53.0,0.0,,48.0,2001-06-22 오전 9:40:24,,,,,,18.0,20934,MDGBEAT003,아로마 라벤다 꽃향,20000,2001-06-22 09:53:31,1
173,1276,papaya,810406.0,791-052,15.0,2.0,166.0,50.0,0.0,2,48.0,2000-08-27 오전 9:43:39,62,88,"1, 4, 6",1.0,3,18.0,20973,MDEETCC020,미니스텝퍼+매직리프팅세트,59800,2001-06-23 08:41:48,1
174,1286,juna7663,540408.0,135-090,14.0,2.0,160.0,51.0,1.0,3,51.0,2000-10-20 오후 4:00:10,70,90,"1, 3, 7, 9",5.0,1,21.0,21010,PDFMEAL20,생생(生生) 다이어트 세트,115000,2001-06-23 11:10:21,1
175,1308,dangwha,711219.0,156-824,3.0,2.0,164.0,72.0,0.0,3,68.0,2001-02-28 오후 6:09:49,,,"3, 8",2.0,,26.0,21018,MDGVDCD003,자신감을 높이는 음악,14000,2001-06-24 11:37:27,1
176,1309,dangwha,711219.0,156-824,3.0,2.0,164.0,72.0,0.0,3,68.0,2001-02-28 오후 6:09:49,,,"3, 8",2.0,,26.0,21018,MDGVDCD006,집중력을 높이는 음악,14000,2001-06-24 11:37:27,1
177,1310,dangwha,711219.0,156-824,3.0,2.0,164.0,72.0,0.0,3,68.0,2001-02-28 오후 6:09:49,,,"3, 8",2.0,,26.0,21018,MDGVDCD001,기억력을 높이는 음악,14000,2001-06-24 11:37:27,1
178,1311,dangwha,711219.0,156-824,3.0,2.0,164.0,72.0,0.0,3,68.0,2001-02-28 오후 6:09:49,,,"3, 8",2.0,,26.0,21018,MDGVDCD002,편안한 수면을 위한 음악,14000,2001-06-24 11:37:27,1
179,1404,youmima,730531.0,617-767,14.0,2.0,161.0,54.0,1.0,"1, 2, 4",48.0,2001-06-28 오후 2:51:00,,,"1, 7",3.0,"1, 2, 8",20.0,21258,PDFFUNC008,풀무원 드림다이어트,300000,2001-06-28 02:56:46,1
180,1445,art0205,760205.0,600-814,7.0,2.0,155.0,51.0,0.0,2,48.0,2000-10-19 오후 1:33:41,26,,"1, 6, 7",1.0,10,21.0,10802,GDCMAIL001,굿 다이어트 코치,18000,2001-08-02 11:10:15,1
181,1450,yey1974,740311.0,122-071,12.0,2.0,160.0,61.0,0.0,1,57.0,2001-03-16 오전 10:45:48,,,"1, 2, 4, 6, 7",1.0,"1, 2, 5",23.0,16429,MDEETCC030,파워세라믹 종아리다이어트(1년 감사세일),19500,2001-08-07 08:50:33,1
182,60,blueseagul,811113.0,139-102,15.0,2.0,163.0,56.0,0.0,"1, 2",52.0,2000-08-31 오후 11:15:32,27,,"1, 3, 6, 7",1.0,10,19.0,16404,GDCBEST008,8KG감량,600000,2001-05-25 05:35:56,1
183,61,vinus0496,721112.0,135-080,12.0,2.0,166.0,64.5,1.0,2,60.0,2000-11-14 오후 8:43:35,30,34,"1, 3, 7, 9",5.0,10,24.0,16602,MDGVDCD020,이영자 점프 다이어트,15000,2001-05-25 11:15:51,1
184,62,webinner,740101.0,137-070,6.0,1.0,170.0,62.0,0.0,,61.0,2000-05-12 오후 3:38:49,,,"1, 2",3.0,4,21.0,17059,PDCGOOD001,퍼펙트 프로그램,310000,2001-05-21 05:39:40,1
185,63,sharon78,781122.0,100-192,3.0,2.0,159.0,54.0,0.0,"1, 2",50.0,2000-08-10 오후 5:55:20,25,32,"1, 3, 4, 7",1.0,"2, 9",19.0,17113,PDCGOOD001,퍼펙트 프로그램,310000,2001-05-25 10:16:06,1
186,64,san2294,790225.0,339-802,1.0,2.0,164.0,57.0,0.0,"1, 2",50.0,2001-03-17 오후 1:36:10,28,,"1, 3, 4, 5, 9",5.0,"1, 2, 5",21.0,17306,MDEPART015,매직리프팅,23900,2001-05-25 06:48:36,1
187,1451,riaa,750420.0,121-774,15.0,2.0,158.0,55.0,0.0,2,50.0,2000-08-10 오전 2:01:59,26,,"1, 2, 4, 5, 6, 7, 9",3.0,"1, 2",22.0,21121,MDGFASH20,DAB(댑)한방경혈복대(특별사은품:땡김이 심플),64000,2001-08-06 02:39:21,1
188,1459,sun99424,761025.0,361-302,14.0,2.0,166.0,60.0,1.0,,50.0,2001-04-17 오후 12:34:12,27,,"2, 6",1.0,"1, 3, 4, 5, 7",21.0,23148,MDFFUNC033,둥글둥글한 초콩환,69000,2001-08-01 11:46:26,1
189,1462,eungabi,700507.0,139-756,14.0,2.0,165.0,75.0,1.0,,55.0,2001-07-25 오전 2:30:11,,,"1, 2, 3, 5, 6, 7, 8, 9",5.0,10,27.0,23220,MDGFASH014,DAB(댑)다이어트복대,49000,2001-08-04 11:37:47,1
190,1532,jiayou73,730927.0,110-157,1.0,2.0,160.0,55.0,1.0,,52.0,2001-08-02 오전 10:49:06,,,"3, 6, 9",1.0,5,21.0,23975,MDFMEAL003,말리브비치 투데이 주스2병,160000,2001-08-02 03:35:54,1
191,1542,lsa0315,790315.0,133-022,15.0,2.0,153.0,53.0,0.0,"1, 2",49.0,2001-03-30 오후 3:42:34,,,"1, 2, 3, 4, 5, 6, 7",1.0,"4, 5, 9",22.0,24030,MDGVDCD012,"이선정, 권민중의 복싱 에어로빅",14500,2001-08-02 05:36:43,1
192,1557,uni1126,741126.0,137-060,7.0,2.0,164.0,56.0,0.0,,49.0,2001-07-26 오후 12:12:35,27,,"1, 3, 5, 7",2.0,4,20.0,24111,MDEPART017,다이어트진동벨트(특별사은품:매직마스크),99000,2001-08-03 12:10:31,1
193,1584,bijeeng,761115.0,130-110,3.0,2.0,156.0,49.0,0.0,"1, 2",48.0,2000-09-01 오전 9:57:24,26,,"4, 6, 7",1.0,4,19.0,24282,MDEETCC033,컬러 패션 스텝퍼,60000,2001-08-03 04:32:51,1
194,1585,bijeeng,761115.0,130-110,3.0,2.0,156.0,49.0,0.0,"1, 2",48.0,2000-09-01 오전 9:57:24,26,,"4, 6, 7",1.0,4,19.0,24284,MDGLIKE006,매직마스크(★10만고객돌파기념☆),12900,2001-08-03 04:34:50,1
195,1586,kmj5986,680205.0,363-931,14.0,2.0,154.0,53.0,1.0,2,48.0,2001-07-25 오전 12:54:38,,,"1, 6, 7",3.0,"1, 2",22.0,24285,MDGFASH004,다이어트 반바지,29000,2001-08-03 04:35:51,1
196,1587,ymh01,730307.0,138-240,17.0,2.0,159.0,55.0,0.0,,50.0,2001-08-03 오후 4:51:19,,,,,,21.0,24290,PDFMEAL002,싹틴 가족생식20포,55000,2001-08-03 04:52:39,1
197,1588,aquarine,750211.0,400-042,7.0,2.0,160.0,60.0,0.0,1,52.0,2001-08-03 오후 5:21:32,,,"1, 3, 4, 6, 7",3.0,5,23.0,24295,MDEPART009,GDS-미니스텝퍼,39900,2001-08-03 05:25:03,1
198,1589,hslee,760812.0,151-051,3.0,2.0,154.0,52.0,0.0,,48.0,2000-03-15 오전 11:50:53,,,"1, 2, 3, 4, 5, 6, 7, 9",3.0,"1, 2",21.0,24312,GDCMAIL001,굿 다이어트 코치,18000,2001-08-03 06:31:11,1
199,1590,orange323,790323.0,570-090,15.0,2.0,157.0,68.0,0.0,,50.0,2001-08-03 오후 6:31:27,,,"1, 2, 3, 4, 5, 6, 7, 8, 9",2.0,,27.0,24314,MDEPART015,매직리프팅,19900,2001-08-03 06:43:39,1
200,1591,orange323,790323.0,570-090,15.0,2.0,157.0,68.0,0.0,,50.0,2001-08-03 오후 6:31:27,,,"1, 2, 3, 4, 5, 6, 7, 8, 9",2.0,,27.0,24314,MDGLIKE006,매직마스크(★10만고객돌파기념☆),12900,2001-08-03 06:43:39,1
201,1592,iconblue,730109.0,630-817,17.0,1.0,174.0,71.0,1.0,,65.0,2001-08-03 오후 2:22:22,31,33,"1, 3, 4",3.0,4,23.0,24319,MDGLIKE006,매직마스크(★10만고객돌파기념☆),12900,2001-08-03 07:21:41,1
202,1593,oh9730,580109.0,137-788,14.0,2.0,161.0,59.0,1.0,,55.0,2001-08-03 오후 7:39:00,30,38,"1, 3, 6",3.0,,22.0,24323,MDGLIKE006,매직마스크(★10만고객돌파기념☆),12900,2001-08-03 07:40:46,1
203,1594,beanbird,810112.0,506-300,15.0,2.0,165.0,55.0,0.0,"1, 2, 4",50.0,2000-07-31 오후 8:44:05,28,93,"6, 7",1.0,3,20.0,24325,MDEPART007,파워세라믹종아리 다이어트(1년 감사세일),0,2001-08-03 07:44:27,0
204,1595,beanbird,810112.0,506-300,15.0,2.0,165.0,55.0,0.0,"1, 2, 4",50.0,2000-07-31 오후 8:44:05,28,93,"6, 7",1.0,3,20.0,24326,MDEHRWE008,파워세라믹종아리 다이어트(1년감사세일),19500,2001-08-03 07:48:57,1
205,1596,edko,811217.0,442-727,15.0,2.0,163.0,63.0,0.0,2,57.0,2001-06-14 오후 12:08:04,30,,"1, 2, 4, 5, 6, 9",1.0,"4, 5",23.0,24328,MDEETCC013,파워스텝퍼(계측기),59000,2001-08-03 08:09:10,1
206,4308,jiyuni01,810311.0,140-200,15.0,2.0,165.0,51.0,0.0,"1, 2",45.0,2000-12-13 오후 3:23:39,,,"1, 2, 3, 4, 5, 6, 7, 9",1.0,"3, 4, 6",20.0,7806,PDFMEAL011,내추럴하우스다이어트 커피맛(특별사은품:훌라후프),70000,2001-08-28 01:34:33,1
207,4309,catneko,790124.0,561-181,15.0,2.0,150.0,47.0,0.0,,41.0,2000-08-14 오후 7:30:19,27,,"1, 2, 3, 4, 6",1.0,2,19.0,7928,MDFMEAL0808,비에트로(매운맛 20봉지),31450,2001-08-26 10:39:11,1
208,4310,kaeun76,761029.0,361-796,3.0,2.0,160.0,65.0,0.0,3,61.0,2000-11-05 오후 9:04:54,,,7,3.0,5,23.0,9519,GDCMAIL001,굿 다이어트 코치,18000,2001-08-28 09:32:16,1
209,4311,luna12,781022.0,135-240,12.0,2.0,160.0,61.5,0.0,1,58.0,2000-12-01 오후 1:48:57,,,"1, 2, 4, 6",1.0,"1, 2",25.0,9530,PDFFUNC001,내추럴하우스 라인-업(특별사은품:훌라후프),60000,2001-08-26 09:47:05,1
210,4312,luna12,781022.0,135-240,12.0,2.0,160.0,61.5,0.0,1,58.0,2000-12-01 오후 1:48:57,,,"1, 2, 4, 6",1.0,"1, 2",25.0,9530,MDGVDCD004,다이어트음악,14000,2001-08-26 09:47:05,1
211,4313,jinpo,590106.0,573-761,3.0,1.0,168.0,65.0,1.0,,65.0,2000-10-10 오후 10:39:08,,,1,3.0,2,23.0,10856,MDEHRWE011,웨이브 훌라후프 1세트,9900,2001-08-27 11:04:07,1
212,4314,weirdy,760923.0,305-503,17.0,2.0,158.0,53.0,0.0,"1, 2",49.0,2000-10-07 오후 4:36:47,27,,"1, 3, 6",2.0,"3, 4, 5, 9",21.0,11243,GDCMAIL001,굿 다이어트 코치,18000,2001-08-28 12:04:43,1
213,4315,sunjy,690218.0,138-738,3.0,2.0,154.0,52.0,1.0,,48.0,2001-05-31 오후 2:50:57,28,,"1, 2, 3, 5, 6, 7",3.0,"8, 9",21.0,18280,MDEHRWE011,웨이브 훌라후프 1세트,0,2001-08-27 12:40:21,0
214,4316,goldcard79,790824.0,608-041,15.0,2.0,163.0,65.0,0.0,2,53.0,2001-02-11 오후 1:39:01,30,,6,2.0,"1, 3, 9",24.0,19050,MDEHRWE008,파워세라믹종아리 다이어트(1년감사세일),19500,2001-08-27 12:20:02,1
215,4317,6562761,830726.0,420-857,15.0,2.0,170.0,64.0,0.0,,48.0,2001-04-03 오후 12:03:31,29,35,"1, 4, 6, 7",1.0,4,22.0,22086,MDGLIKE006,매직마스크(★10만고객돌파기념☆),14900,2001-08-28 08:32:44,1
216,4318,dainggen,780801.0,790-829,16.0,2.0,158.0,47.0,0.0,"2, 4",45.0,2001-07-31 오후 2:54:18,25,26,6,1.0,"2, 4, 5",18.0,23725,MDGLIKE001,"오레그 O다리,X다리 교정벨트(고급형)",19900,2001-08-28 01:57:27,1
217,4319,babytwin,851130.0,500-080,15.0,2.0,162.0,55.0,0.0,2,50.0,2001-01-21 오후 7:33:44,26,,"1, 2, 6",1.0,,20.0,26594,MDGFASH004,다이어트 반바지,20000,2001-08-28 12:28:06,1
218,4320,ha0602,670602.0,425-210,14.0,2.0,152.0,55.0,1.0,,52.0,2001-08-18 오전 12:04:34,30,37,"1, 2, 3, 6, 7, 9",5.0,10,67.0,27942,GDCMAIL001,굿 다이어트 코치,18000,2001-08-28 10:36:49,1
219,4321,1770ymj,701220.0,151-842,12.0,2.0,156.0,55.0,1.0,1,49.0,2001-01-23 오후 3:27:20,28,34,1,5.0,5,22.0,28067,MDGFASH004,다이어트 반바지,20000,2001-08-28 03:30:23,1
220,4322,sunji602,811104.0,645-806,15.0,1.0,163.0,57.0,0.0,4,55.0,2001-05-19 오후 8:56:09,,,"2, 7",3.0,,22.0,28099,MDEHRWE011,웨이브 훌라후프 1세트,9900,2001-08-27 11:40:36,1
221,4323,kaisar99,730908.0,135-080,7.0,1.0,172.0,65.0,0.0,,64.0,2001-05-23 오전 10:55:07,30,38,6,5.0,,21.0,28455,MDGLIKE001,"오레그 O다리,X다리 교정벨트(고급형)",19900,2001-08-27 10:48:32,1
222,4324,saeralee,721115.0,158-812,12.0,2.0,160.0,47.0,0.0,1,45.0,2001-08-21 오전 10:41:27,24,32,6,3.0,,18.0,28782,MDEPART007,파워세라믹종아리 다이어트(1년 감사세일),19500,2001-08-28 08:12:40,1
223,4325,herzen81,810219.0,151-705,3.0,2.0,178.0,60.0,0.0,,10.0,2001-08-21 오후 4:15:55,28,,"1, 2, 3, 6, 7",3.0,8,18.0,28868,MDEHRWE008,파워세라믹종아리 다이어트(1년감사세일),19500,2001-08-27 03:09:38,1
224,4326,dongguri77,710714.0,604-083,17.0,2.0,162.0,55.0,0.0,1,50.0,2001-08-21 오후 4:50:29,,,"1, 2, 6",1.0,4,20.0,28890,MDEPART007,파워세라믹종아리 다이어트(1년 감사세일),19500,2001-08-27 02:43:30,1
225,4327,chiee1,780726.0,407-050,15.0,2.0,165.0,57.0,0.0,,54.0,2001-01-31 오후 6:51:13,28,,"3, 5, 7, 9",1.0,5,20.0,29279,PDFFUNC001,내추럴하우스 라인-업(특별사은품:훌라후프),60000,2001-08-27 12:29:47,1
226,4328,ililoo2000,751223.0,705-753,17.0,2.0,169.0,54.0,0.0,"1, 2",50.0,2001-08-18 오후 6:18:28,26,33,"1, 4, 6, 7",1.0,,18.0,29289,MDGLIKE006,매직마스크(★10만고객돌파기념☆),14900,2001-08-28 06:41:37,1
227,4329,KSOOJUNG76,760622.0,630-801,3.0,2.0,170.0,64.0,0.0,"1, 2",58.0,2001-08-24 오전 12:04:13,28,,"6, 7",2.0,"1, 2",22.0,29501,PDCGOOD001,퍼펙트 프로그램(특별사은품:종아리다이어트),310000,2001-08-26 10:25:20,1
228,4330,top77,770114.0,100-714,3.0,2.0,157.0,58.0,0.0,1,50.0,2000-10-27 오전 10:35:56,28,,"1, 7, 8",3.0,10,23.0,29608,MDEPART015,매직리프팅,19900,2001-08-28 10:16:01,1
229,4331,top77,770114.0,100-714,3.0,2.0,157.0,58.0,0.0,1,50.0,2000-10-27 오전 10:35:56,28,,"1, 7, 8",3.0,10,23.0,29608,MDGLIKE006,매직마스크(★10만고객돌파기념☆),14900,2001-08-28 10:16:01,1
230,4332,veritaslee,730612.0,152-053,3.0,2.0,165.0,82.0,0.0,"1, 2",78.0,2001-08-16 오후 2:11:43,32,36,"1, 3, 5, 7, 8, 9",1.0,"2, 5, 9, 10",30.0,29672,PDFMEAL014,풀무원 드림다이어트,300000,2001-08-28 10:29:42,1
231,4334,jyaung,860101.0,626-861,15.0,2.0,150.0,42.0,0.0,,39.0,2001-05-27 오후 2:40:57,26,,"1, 2, 3, 4, 6, 7",1.0,,18.0,29810,MDGLIKE006,매직마스크(★10만고객돌파기념☆),14900,2001-08-28 06:57:36,1
232,4335,popo33311,781007.0,330-853,15.0,2.0,163.5,48.0,0.0,,45.0,2001-08-25 오후 9:18:53,25,34,"4, 6",1.0,10,17.0,29849,MDEPART007,파워세라믹종아리 다이어트(1년 감사세일),19500,2001-08-26 03:29:18,1
233,4336,peh427,680427.0,153-821,14.0,2.0,160.0,51.0,1.0,4,47.0,2001-08-26 오전 1:02:54,,,"1, 3, 6, 7",3.0,,19.0,29882,MDEHRWE008,파워세라믹종아리 다이어트(1년감사세일),19500,2001-08-26 01:14:46,1
234,4337,nawab,800403.0,156-095,15.0,2.0,160.0,53.0,0.0,4,48.0,2001-08-26 오전 1:32:26,27,35,"4, 6, 7, 8",5.0,1,20.0,29884,MDEHRWE008,파워세라믹종아리 다이어트(1년감사세일),19500,2001-08-26 01:34:56,1
235,4338,yw0308,660407.0,330-100,17.0,2.0,155.0,65.0,1.0,1,55.0,2001-08-26 오전 1:52:05,,,"1, 3, 5",5.0,"1, 8",27.0,29893,MDGVDCD004,다이어트음악,14000,2001-08-26 03:38:43,1
236,4339,9536083,780212.0,503-330,15.0,2.0,164.0,54.5,0.0,1,50.0,2001-08-26 오전 8:29:35,,,6,1.0,10,20.0,29897,MDEHRWE008,파워세라믹종아리 다이어트(1년감사세일),19500,2001-08-26 09:19:10,1
237,4340,miunori22,830417.0,442-060,15.0,2.0,160.0,53.0,0.0,"1, 2",48.0,2001-08-26 오전 9:35:40,28,34,"1, 6",1.0,2,20.0,29899,MDEHRWE008,파워세라믹종아리 다이어트(1년감사세일),19500,2001-08-26 09:37:54,1
238,4341,kkj18,830218.0,451-713,12.0,2.0,160.0,52.0,0.0,4,48.0,2001-08-26 오전 11:36:41,,,"1, 6, 7",1.0,,20.0,29908,MDEHRWE008,파워세라믹종아리 다이어트(1년감사세일),19500,2001-08-26 12:03:29,1
239,4342,la369369,801224.0,656-806,15.0,2.0,163.0,51.0,0.0,,48.0,2001-03-20 오후 9:01:10,26,,,,,19.0,29909,GDCMAIL001,굿 다이어트 코치,18000,2001-08-26 12:15:50,1
240,4343,yrudal,821210.0,730-360,15.0,2.0,164.0,66.0,0.0,2,52.0,2000-08-25 오전 2:47:47,30,40,"6, 7, 8",1.0,4,24.0,29912,MDEHRWE011,웨이브 훌라후프 1세트,9900,2001-08-26 12:51:09,1
241,4344,djkiki,810122.0,130-090,15.0,2.0,162.0,53.0,0.0,,44.0,2000-10-10 오후 4:27:47,27,35,4,1.0,5,20.0,29915,MDEPART001,매직마스크(☆10만고객돌파기념 대할인),14900,2001-08-26 01:12:20,1
242,4345,osy0741,750612.0,340-812,1.0,2.0,157.0,52.0,0.0,1,45.0,2001-08-26 오후 1:45:55,27,,"2, 3, 4, 6, 7",3.0,,21.0,29919,PDFMEAL016,깜짝변신 다이어트세트(특별사은품:매직마스크),130000,2001-08-26 02:01:32,1
243,4346,farinell,740316.0,200-190,16.0,2.0,160.0,63.0,0.0,1,55.0,2000-07-16 오후 9:45:27,29,,"6, 7",4.0,"1, 4",24.0,29920,MDEHRWE008,파워세라믹종아리 다이어트(1년감사세일),19500,2001-08-26 01:55:56,1
244,4347,csj0510,750114.0,150-094,12.0,2.0,162.0,68.0,0.0,"1, 2",50.0,2001-08-26 오후 3:38:42,,,"1, 2, 3, 6, 8",4.0,"1, 7, 8",25.0,29931,PDFMEAL011,내추럴하우스다이어트 커피맛(특별사은품:훌라후프),70000,2001-08-26 03:46:21,1
245,4348,darbycho,740715.0,430-830,17.0,2.0,168.0,66.0,0.0,,62.0,2001-08-05 오전 3:24:31,30,38,"1, 2, 4, 6",1.0,2,23.0,29934,GDCMAIL001,굿 다이어트 코치,18000,2001-08-26 03:50:36,1
246,4349,tjsdud1973,730113.0,412-120,7.0,2.0,165.0,49.0,0.0,2,45.0,2001-08-26 오후 4:30:01,26,34,"1, 4, 7",1.0,5,17.0,29941,MDEPART015,매직리프팅,19900,2001-08-26 04:31:57,1
247,4350,hsjmp,820304.0,613-823,15.0,1.0,188.0,80.0,0.0,2,76.0,2001-08-23 오후 6:02:34,34,35,"1, 2, 3, 4, 6",1.0,,22.0,29948,MDGLIKE006,매직마스크(★10만고객돌파기념☆),14900,2001-08-26 07:36:21,1
248,4351,tipto,841113.0,122-832,15.0,2.0,165.0,65.0,0.0,4,48.0,2001-08-26 오후 7:39:44,30,34,"1, 2, 4, 6",1.0,5,23.0,29951,MDEHRWE008,파워세라믹종아리 다이어트(1년감사세일),19500,2001-08-27 07:31:03,1
249,4352,hsjmp,820304.0,613-823,15.0,1.0,188.0,80.0,0.0,2,76.0,2001-08-23 오후 6:02:34,34,35,"1, 2, 3, 4, 6",1.0,,22.0,29953,MDEHRWE011,웨이브 훌라후프 1세트,9900,2001-08-26 07:49:44,1
250,4353,hsjmp,820304.0,613-823,15.0,1.0,188.0,80.0,0.0,2,76.0,2001-08-23 오후 6:02:34,34,35,"1, 2, 3, 4, 6",1.0,,22.0,29956,MDEPART005,김원희의 얼굴이 작아졌어요,14500,2001-08-26 08:06:32,1
251,4354,dltndus00,830121.0,445-920,15.0,2.0,167.0,65.0,0.0,"2, 3",55.0,2001-08-23 오후 2:46:15,30,,"1, 3, 4, 5, 6, 7, 8, 9",1.0,10,23.0,29958,MDEPART007,파워세라믹종아리 다이어트(1년 감사세일),19500,2001-08-26 08:58:22,1
252,4355,a771221,771227.0,135-849,15.0,2.0,168.0,55.0,0.0,2,49.5,2001-06-26 오후 6:39:02,25,90,"1, 6, 7",1.0,"1, 2, 3, 4, 5, 9",19.0,29961,PDFFUNC007,깜짝변신 다이어트세트( 특별사은품:매직마스크),130000,2001-08-26 09:09:00,1
253,4356,a771221,771227.0,135-849,15.0,2.0,168.0,55.0,0.0,2,49.5,2001-06-26 오후 6:39:02,25,90,"1, 6, 7",1.0,"1, 2, 3, 4, 5, 9",19.0,29961,MDFMEAL005,말리브비치 다이어트바 12개,66000,2001-08-26 09:09:00,1
254,4357,shrie00,801025.0,641-170,15.0,2.0,160.0,58.0,1.0,,48.0,2001-08-26 오후 2:35:52,,,"2, 6, 7",3.0,5,22.0,29968,MDEHRWE011,웨이브 훌라후프 1세트,9900,2001-08-26 09:45:48,1
255,4358,do5do,710403.0,133-050,12.0,2.0,159.0,52.0,0.0,2,45.0,2001-08-18 오후 10:33:33,27,,"1, 3, 6, 7",5.0,10,20.0,29977,MDEHRWE008,파워세라믹종아리 다이어트(1년감사세일),19500,2001-08-26 10:22:57,1
256,4359,somyoel,840505.0,555-060,15.0,2.0,158.9,65.0,0.0,2,53.0,2001-08-26 오후 10:45:47,,,"1, 2, 3, 4, 6, 8, 9",3.0,10,25.0,29984,MDEPART001,매직마스크(☆10만고객돌파기념 대할인),14900,2001-08-26 10:49:43,1
257,4361,pbg02,830208.0,133-060,17.0,2.0,159.0,57.0,0.0,2,49.0,2001-08-26 오후 10:53:03,27,,"6, 7",1.0,10,22.0,29988,MDGFASH004,다이어트 반바지,20000,2001-08-26 11:00:56,1
258,4362,prikim,830723.0,140-190,15.0,2.0,166.0,80.0,0.0,2,76.0,2000-11-23 오후 2:52:06,32,,1,1.0,5,25.0,30001,MDEPART009,GDS-미니스텝퍼,39900,2001-08-27 12:42:36,1
259,4363,analysis,780720.0,136-140,17.0,2.0,163.0,56.0,0.0,2,48.0,2001-08-27 오전 12:54:20,27,32,,3.0,"2, 7",21.0,30003,MDEHRWE008,파워세라믹종아리 다이어트(1년감사세일),19500,2001-08-27 12:58:13,1
260,4364,mini7968,810407.0,425-020,15.0,2.0,162.0,57.0,0.0,,50.0,2001-08-27 오전 2:13:17,27,,"6, 7",1.0,"2, 8",21.0,30007,MDEHRWE008,파워세라믹종아리 다이어트(1년감사세일),19500,2001-08-28 07:12:58,1
261,4365,hsjmp,820304.0,613-823,15.0,1.0,188.0,80.0,0.0,2,76.0,2001-08-23 오후 6:02:34,34,35,"1, 2, 3, 4, 6",1.0,,22.0,30012,MDEHRWE002,체중계 디지털 HD 308,29800,2001-08-27 07:19:17,1
262,4366,youngya624,570524.0,791-758,14.0,2.0,152.0,46.0,1.0,"1, 2",43.0,2001-08-23 오전 9:01:20,26,35,"2, 6, 7",3.0,"2, 10",19.0,30015,MDGFASH004,다이어트 반바지,20000,2001-08-27 08:55:24,1
263,4367,youngya624,570524.0,791-758,14.0,2.0,152.0,46.0,1.0,"1, 2",43.0,2001-08-23 오전 9:01:20,26,35,"2, 6, 7",3.0,"2, 10",19.0,30016,MDGFASH004,다이어트 반바지,20000,2001-08-27 08:57:57,1
264,4368,youngya624,570524.0,791-758,14.0,2.0,152.0,46.0,1.0,"1, 2",43.0,2001-08-23 오전 9:01:20,26,35,"2, 6, 7",3.0,"2, 10",19.0,30017,MDGFASH004,다이어트 반바지,20000,2001-08-27 09:09:44,1
265,4369,alias00,780116.0,431-737,15.0,2.0,163.0,49.0,0.0,"1, 2",45.0,2000-10-26 오후 11:56:05,25,,"1, 2, 3, 4",2.0,10,18.0,30018,MDEPART015,매직리프팅,19900,2001-08-27 09:14:55,1
266,4370,pooh0423,750105.0,200-180,16.0,2.0,165.0,62.0,0.0,"1, 2",50.0,2000-12-04 오후 4:12:13,,,"1, 2, 3, 4, 6, 7",1.0,"1, 2",22.0,30021,MDGBEAT012,바디스컬쳐,80000,2001-08-27 09:32:46,1
267,4371,cocomilk,720429.0,461-820,3.0,2.0,160.0,58.0,0.0,1,48.0,2001-08-27 오전 9:38:35,,,"1, 2, 3, 6, 7",1.0,,22.0,30025,MDEHRWE008,파워세라믹종아리 다이어트(1년감사세일),19500,2001-08-27 10:43:12,1
268,4372,DOKKEBI,770629.0,423-836,3.0,2.0,165.0,60.0,1.0,,55.0,2001-08-27 오전 9:54:46,,,,,,22.0,30035,PDFFUNC007,깜짝변신 다이어트세트( 특별사은품:매직마스크),130000,2001-08-27 10:49:56,1
269,4373,hanacha,780522.0,140-030,15.0,2.0,173.0,65.0,0.0,,61.0,2000-12-08 오후 3:22:13,,,"1, 2, 5, 6, 7",5.0,4,20.0,30036,GDCMAIL001,굿 다이어트 코치,18000,2001-08-27 10:58:01,1
270,4374,poohsoon,750209.0,602-751,17.0,2.0,157.0,63.0,0.0,,61.0,2000-10-04 오전 10:33:07,29,,"1, 3, 6, 7, 9",1.0,10,28.0,30048,MDGVDCD011,이소라 수퍼다이어트2,15000,2001-08-27 11:41:59,1
271,4375,yunza616,810616.0,400-140,15.0,2.0,158.0,45.0,0.0,2,43.0,2000-10-07 오후 11:06:19,,,4,1.0,,19.0,30052,MDGVDCD009,김원희의 얼굴이 작아졌어요,14500,2001-08-28 06:43:58,1
272,4376,kyung9981,800506.0,445-893,3.0,2.0,156.0,46.0,0.0,2,40.0,2001-08-27 오전 11:44:41,,,6,1.0,,18.0,30056,MDEPART007,파워세라믹종아리 다이어트(1년 감사세일),19500,2001-08-27 12:01:40,1
273,4377,ihlee76,760803.0,135-010,3.0,2.0,163.0,59.0,0.0,"1, 2",50.0,2001-08-27 오후 1:03:13,,,"1, 3, 7",3.0,2,22.0,30070,MDEHRWE008,파워세라믹종아리 다이어트(1년감사세일),19500,2001-08-27 01:04:38,1
274,4378,tsis1004,730919.0,134-822,3.0,2.0,166.0,58.0,0.0,2,53.0,2001-08-23 오후 3:39:11,27,34,"1, 3",3.0,"1, 2",21.0,30075,PDCGOOD001,퍼펙트 프로그램(특별사은품:종아리다이어트),310000,2001-08-27 01:41:20,1
275,4379,khhms,770925.0,200-100,12.0,2.0,169.0,60.0,0.0,2,55.0,2001-08-27 오후 1:21:50,28,30,6,1.0,1,21.0,30076,MDEHRWE008,파워세라믹종아리 다이어트(1년감사세일),19500,2001-08-27 01:23:23,1
276,4380,yms0515,720515.0,406-763,1.0,2.0,155.0,50.0,0.0,,47.0,2000-10-10 오전 3:10:34,27,38,"1, 2, 4, 6, 7, 9",1.0,9,22.0,30078,MDGFASH021,헬쓰 런닝 세트(다이어트 상의+반바지+종아리아대),49000,2001-08-27 02:01:34,1
277,4381,tsis1004,730919.0,134-822,3.0,2.0,166.0,58.0,0.0,2,53.0,2001-08-23 오후 3:39:11,27,34,"1, 3",3.0,"1, 2",21.0,30079,PDCGOOD001,퍼펙트 프로그램(특별사은품:종아리다이어트),310000,2001-08-27 02:01:53,1
278,4382,sunjy,690218.0,138-738,3.0,2.0,154.0,52.0,1.0,,48.0,2001-05-31 오후 2:50:57,28,,"1, 2, 3, 5, 6, 7",3.0,"8, 9",21.0,30089,MDEHRWE011,웨이브 훌라후프 1세트,0,2001-08-27 02:52:05,0
279,4383,sunjy,690218.0,138-738,3.0,2.0,154.0,52.0,1.0,,48.0,2001-05-31 오후 2:50:57,28,,"1, 2, 3, 5, 6, 7",3.0,"8, 9",21.0,30090,MDEHRWE011,웨이브 훌라후프 1세트,9900,2001-08-27 03:13:47,1
280,4385,yyh0519,761030.0,121-010,6.0,2.0,163.0,59.0,0.0,2,52.0,2001-04-21 오후 11:02:45,28,36,"6, 7",1.0,4,22.0,30097,MDEHRWE002,체중계 디지털 HD 308,29800,2001-08-27 03:39:14,1
281,4386,seri618,701023.0,464-800,14.0,2.0,161.0,63.0,1.0,,55.0,2001-08-27 오후 3:37:48,30,38,"1, 3, 6, 9",3.0,1,24.0,30099,MDEHRWE001,나빌레HE-1,89000,2001-08-27 03:39:57,1
282,4387,ivy0222,830222.0,000-000,15.0,2.0,164.0,60.0,0.0,"1, 2",45.0,2001-04-27 오후 3:25:14,29,36,"2, 4, 6",4.0,5,22.0,30105,MDEHRWE011,웨이브 훌라후프 1세트,9900,2001-08-27 04:04:42,1
283,4388,ivy0222,830222.0,000-000,15.0,2.0,164.0,60.0,0.0,"1, 2",45.0,2001-04-27 오후 3:25:14,29,36,"2, 4, 6",4.0,5,22.0,30105,MDGFASH004,다이어트 반바지,20000,2001-08-27 04:04:42,1
284,4389,ivy0222,830222.0,000-000,15.0,2.0,164.0,60.0,0.0,"1, 2",45.0,2001-04-27 오후 3:25:14,29,36,"2, 4, 6",4.0,5,22.0,30105,MDGLIKE006,매직마스크(★10만고객돌파기념☆),14900,2001-08-27 04:04:42,1
285,4390,ivy0222,830222.0,000-000,15.0,2.0,164.0,60.0,0.0,"1, 2",45.0,2001-04-27 오후 3:25:14,29,36,"2, 4, 6",4.0,5,22.0,30105,MDEHRWE008,파워세라믹종아리 다이어트(1년감사세일),19500,2001-08-27 04:04:42,1
286,4391,a831215,840115.0,143-130,15.0,2.0,160.0,60.0,0.0,,48.0,2001-08-27 오후 4:17:02,29,,,,,23.0,30111,MDEHRWE008,파워세라믹종아리 다이어트(1년감사세일),19500,2001-08-27 04:19:09,1
287,4392,kdh0955,710607.0,548-900,17.0,1.0,162.0,66.0,1.0,2,50.0,2001-08-27 오후 4:18:39,32,40,6,3.0,4,25.0,30112,MDFFUNC033,둥글둥글한 초콩환,69000,2001-08-27 04:20:02,1
288,4393,jh331,750112.0,612-020,3.0,2.0,163.0,74.0,0.0,,65.0,2001-08-27 오후 3:47:57,32,,,,,27.0,30114,MDEHRWE002,체중계 디지털 HD 308,29800,2001-08-27 04:44:00,1
289,4394,teaogum,760714.0,138-120,17.0,2.0,158.0,58.0,0.0,1,48.0,2001-08-27 오후 4:38:14,,,"1, 2, 3, 6, 7",1.0,4,23.0,30116,MDEPART001,매직마스크(☆10만고객돌파기념 대할인),14900,2001-08-27 05:05:48,1
290,4395,teaogum,760714.0,138-120,17.0,2.0,158.0,58.0,0.0,1,48.0,2001-08-27 오후 4:38:14,,,"1, 2, 3, 6, 7",1.0,4,23.0,30116,MDEPART007,파워세라믹종아리 다이어트(1년 감사세일),19500,2001-08-27 05:05:48,1
291,4396,ravissant,760421.0,706-100,15.0,2.0,157.0,54.0,0.0,"1, 2",48.0,2001-08-25 오후 8:14:15,,,"1, 4, 6",3.0,"1, 2, 3, 4, 5, 7, 8",21.0,30118,MDEPART015,매직리프팅,19900,2001-08-27 06:45:49,1
292,4397,pure721,590518.0,604-042,14.0,2.0,155.0,45.0,1.0,,43.0,2001-08-27 오후 5:07:43,25,,,,,18.0,30123,MDGLIKE006,매직마스크(★10만고객돌파기념☆),14900,2001-08-27 05:11:52,1
293,4398,youngya624,570524.0,791-758,14.0,2.0,152.0,46.0,1.0,"1, 2",43.0,2001-08-23 오전 9:01:20,26,35,"2, 6, 7",3.0,"2, 10",19.0,30134,MDGFASH004,다이어트 반바지,40000,2001-08-27 05:37:59,2
294,4399,white82p,820923.0,421-121,3.0,2.0,162.0,58.0,0.0,,48.0,2001-08-27 오후 6:00:41,,,"2, 3, 6, 7",1.0,2,22.0,30141,MDEHRWE008,파워세라믹종아리 다이어트(1년감사세일),19500,2001-08-27 06:05:31,1
295,4400,poca76,760411.0,606-541,17.0,2.0,158.0,64.0,0.0,2,52.0,2000-10-10 오후 8:11:57,30,40,2,1.0,10,23.0,30147,MDEHRWE002,체중계 디지털 HD 308,29800,2001-08-27 06:26:11,1
296,4401,sysm9099,820329.0,442-742,4.0,2.0,169.0,59.0,0.0,2,54.0,2001-08-27 오후 7:19:47,25,35,6,1.0,"4, 5",20.0,30155,MDEHRWE008,파워세라믹종아리 다이어트(1년감사세일),19500,2001-08-27 07:23:25,1
297,4402,pdcute,791023.0,617-836,15.0,2.0,160.0,60.0,0.0,3,56.0,2001-05-31 오후 11:08:14,,,"1, 2, 6, 7, 8",1.0,5,23.0,30157,GDCMAIL001,굿 다이어트 코치,18000,2001-08-27 07:33:12,1
298,4403,aphrodite2,820908.0,306-060,15.0,2.0,163.0,50.0,0.0,4,48.0,2001-08-20 오후 8:08:45,,,6,1.0,"1, 2, 5, 8, 9, 10",18.0,30160,MDEHRWE008,파워세라믹종아리 다이어트(1년감사세일),0,2001-08-27 07:38:04,0
299,4404,colrit,840222.0,142-865,15.0,2.0,158.0,52.0,0.0,"2, 4",47.0,2001-08-27 오후 7:39:38,,,"1, 3, 4, 6, 7, 9",5.0,,20.0,30161,MDGFASH004,다이어트 반바지,20000,2001-08-27 07:41:30,1
300,4405,barkje,660203.0,656-132,15.0,2.0,160.0,60.0,0.0,2,52.0,2001-08-27 오후 8:49:31,29,,"3, 5, 6, 8",3.0,2,23.0,30165,PDFFUNC001,내추럴하우스 라인-업(특별사은품:훌라후프),60000,2001-08-27 10:30:48,1
301,4406,vivianyui,820128.0,137-949,15.0,2.0,165.0,54.0,0.0,,50.0,2001-08-27 오후 8:56:33,26,,"1, 2, 6",1.0,10,19.0,30166,MDEHRWE008,파워세라믹종아리 다이어트(1년감사세일),19500,2001-08-27 09:04:04,1
302,4407,sc9632,770722.0,210-210,17.0,2.0,166.0,62.0,0.0,"2, 4",52.0,2000-10-05 오후 10:11:41,29,,"1, 2, 3, 6",2.0,,21.0,30170,PDFMEAL016,깜짝변신 다이어트세트(특별사은품:매직마스크),130000,2001-08-27 09:08:37,1
303,4408,hyk1004hyk,741210.0,400-201,12.0,2.0,160.0,74.0,0.0,3,60.0,2001-08-27 오후 9:08:17,,,"1, 3, 7",4.0,"1, 2",28.0,30171,PDCGOOD001,퍼펙트 프로그램(특별사은품:종아리다이어트),310000,2001-08-27 09:11:35,1
304,4409,7620,780123.0,580-063,1.0,2.0,168.0,62.0,0.0,2,55.0,2001-08-27 오후 9:04:19,28,37,"2, 6",2.0,4,21.0,30173,MDBWEEK01,1주일다이어트대작전(부록:다이어트다이어리),7300,2001-08-27 09:14:56,1
305,4410,7620,780123.0,580-063,1.0,2.0,168.0,62.0,0.0,2,55.0,2001-08-27 오후 9:04:19,28,37,"2, 6",2.0,4,21.0,30178,MDEHRWE008,파워세라믹종아리 다이어트(1년감사세일),19500,2001-08-27 09:21:51,1
306,4413,sy877,770215.0,407-040,14.0,2.0,160.0,45.0,1.0,,40.0,2000-11-01 오전 9:00:41,26,32,"1, 6",1.0,,17.0,30182,MDEPART007,파워세라믹종아리 다이어트(1년 감사세일),19500,2001-08-27 09:41:28,1
307,4414,mbb1020,751122.0,708-082,1.0,2.0,160.0,55.0,0.0,1,47.0,2001-08-27 오후 9:55:03,28,,"1, 2, 3, 4, 6",2.0,4,21.0,30189,MDEHRWE008,파워세라믹종아리 다이어트(1년감사세일),19500,2001-08-27 09:57:56,1
308,4415,janeyf,740430.0,415-740,15.0,2.0,167.0,63.0,0.0,3,53.0,2001-07-26 오후 9:08:38,30,34,"1, 7",3.0,5,22.0,30191,MDEHRWE011,웨이브 훌라후프 1세트,9900,2001-08-27 10:18:58,1
309,4419,starless,761005.0,420-022,17.0,2.0,156.0,48.8,0.0,3,44.0,2001-04-12 오후 5:58:01,28,,"1, 2, 3, 4, 6, 7",3.0,,20.0,30213,MDEPART015,매직리프팅,19900,2001-08-28 12:36:30,1
310,4426,yjkim229,710719.0,482-840,17.0,2.0,155.0,58.0,0.0,2,48.0,2000-07-11 오후 7:26:58,,,"2, 6, 7",3.0,"1, 2, 8",24.0,30242,MDGFASH021,헬쓰 런닝 세트(다이어트 상의+반바지+종아리아대),49000,2001-08-28 08:58:30,1
311,4427,flucon,760525.0,422-230,12.0,2.0,166.0,58.0,0.0,,50.0,2001-08-28 오전 8:55:54,28,,"1, 6, 7",1.0,,21.0,30244,MDEHRWE002,체중계 디지털 HD 308,29800,2001-08-28 09:05:29,1
312,4428,kong155,760227.0,617-050,3.0,2.0,162.0,55.0,1.0,2,52.0,2001-08-13 오후 5:04:16,27,36,"1, 3, 7, 8",3.0,"8, 10",20.0,30246,GDCMAIL001,굿 다이어트 코치,18000,2001-08-28 09:30:47,1
313,4429,myyoun,750506.0,463-772,12.0,2.0,165.0,67.0,0.0,,60.0,2000-10-07 오전 8:21:38,,,"1, 2, 6",1.0,"1, 9",23.0,30247,PDFFUNC005,풀무원 아프로디테,130000,2001-08-28 09:31:17,1
314,4430,ckyungja,770320.0,442-370,12.0,2.0,160.0,54.0,0.0,"1, 2",53.0,2001-08-28 오전 9:52:48,28,,"1, 2, 3, 4, 6",1.0,10,21.0,30251,MDGLIKE006,매직마스크(★10만고객돌파기념☆),14900,2001-08-28 09:59:01,1
315,4431,st2p,740708.0,130-023,12.0,2.0,161.0,58.0,0.0,"2, 4",51.0,2001-03-23 오전 11:10:19,29,33,"1, 3, 5, 6, 8",3.0,,22.0,30254,MDEPART012,매직후프 디지털(계측기 포함)1세트,27000,2001-08-28 10:07:31,1
316,4432,ckyungja,770320.0,442-370,12.0,2.0,160.0,54.0,0.0,"1, 2",53.0,2001-08-28 오전 9:52:48,28,,"1, 2, 3, 4, 6",1.0,10,21.0,30256,MDBWEEK01,1주일다이어트대작전(부록:다이어트다이어리),7300,2001-08-28 10:11:17,1
317,4433,sungjil,741213.0,612-082,6.0,2.0,172.0,57.5,0.0,"1, 2",55.0,2000-10-09 오후 12:12:33,,,"2, 6, 7",1.0,5,19.0,30257,PDFFUNC001,내추럴하우스 라인-업(특별사은품:훌라후프),60000,2001-08-28 10:20:30,1
318,4434,dissney,721105.0,614-703,1.0,2.0,160.0,55.0,0.0,2,45.0,2001-08-28 오전 10:18:31,,,1,3.0,2,21.0,30264,MDFFIBE004,글루코나이스 포르테,35000,2001-08-28 10:34:31,1
319,4435,Jscorpion,731026.0,702-774,14.0,2.0,160.0,60.0,1.0,"1, 2",56.0,2001-08-18 오후 7:51:00,77,98,"1, 2, 3, 5, 6, 7",1.0,1,23.0,30266,GDCMAIL001,굿 다이어트 코치,18000,2001-08-28 10:41:27,1
320,4436,angelahn,800301.0,467-842,3.0,2.0,165.0,75.0,0.0,,55.0,2001-08-28 오전 10:41:07,,,,,,27.0,30271,MDEHRWE011,웨이브 훌라후프 1세트,9900,2001-08-28 11:10:55,1
321,4437,jh0611,760611.0,405-242,15.0,2.0,153.5,60.0,0.0,2,56.0,2001-05-02 오전 1:25:00,29,,"2, 3, 6, 7",1.0,5,25.0,30273,GDCMAIL001,굿 다이어트 코치,18000,2001-08-28 12:51:09,1
322,4438,pjml2h,780903.0,555-020,3.0,2.0,165.0,57.5,0.0,3,55.0,2001-04-16 오후 12:51:23,28,,"2, 6, 7",3.0,10,22.0,30274,MDEHRWE007,만보계 TA5666,21000,2001-08-28 11:21:41,1
323,4439,jdh44018,731001.0,704-755,1.0,2.0,159.0,56.0,0.0,2,49.0,2000-10-08 오후 9:04:55,28,,"1, 7, 9",1.0,,22.0,30275,MDGFASH004,다이어트 반바지,20000,2001-08-28 11:24:56,1
324,4440,suny1979,790126.0,573-410,15.0,2.0,63.0,73.0,0.0,"1, 2, 3",55.0,2000-07-02 오후 10:28:31,,,"1, 2, 3, 4, 6, 8",5.0,10,183.0,30277,MDEHRWE002,체중계 디지털 HD 308,0,2001-08-28 11:30:46,0
325,4441,suny1979,790126.0,573-410,15.0,2.0,63.0,73.0,0.0,"1, 2, 3",55.0,2000-07-02 오후 10:28:31,,,"1, 2, 3, 4, 6, 8",5.0,10,183.0,30277,MDEHRWE011,웨이브 훌라후프 1세트,9900,2001-08-28 11:30:46,1
326,4442,kny7941,790401.0,157033,13.0,2.0,168.0,65.0,0.0,,55.0,2001-08-19 오후 4:45:44,,,"1, 2, 6",1.0,,23.0,30278,MDEHRWE008,파워세라믹종아리 다이어트(1년감사세일),19500,2001-08-28 11:36:12,1
327,4443,ippy0721,780301.0,641-465,3.0,2.0,173.0,56.0,0.0,"1, 2",53.0,2001-08-14 오후 11:32:05,25.5,37,"1, 6, 7",1.0,"1, 10",18.0,30283,MDGFASH021,헬쓰 런닝 세트(다이어트 상의+반바지+종아리아대),49000,2001-08-28 11:48:02,1
328,4444,kchi26,751008.0,138-842,12.0,1.0,160.0,67.0,0.0,3,66.0,2001-07-10 오후 3:27:50,,,"1, 3, 5, 6, 7",3.0,3,26.0,30284,PDFMEAL014,풀무원 드림다이어트,300000,2001-08-28 11:52:45,1
329,4463,coco1103,791103.0,609-402,15.0,2.0,163.0,55.0,0.0,,50.0,2000-10-23 오후 10:32:41,,,3,1.0,,20.0,30327,MDGLIKE006,매직마스크(★10만고객돌파기념☆),14900,2001-08-28 02:35:55,1
330,4465,younga0772,771015.0,612-040,17.0,2.0,162.0,53.0,0.0,4,47.0,2000-11-22 오전 8:13:34,27,30,"1, 3, 5, 6, 7, 8, 9",4.0,"4, 5",20.0,30332,MDEHRWE008,파워세라믹종아리 다이어트(1년감사세일),19500,2001-08-28 02:51:18,1
331,4466,leesunlee,780110.0,376-800,3.0,2.0,172.0,78.0,0.0,"2, 4",60.0,2001-08-28 오후 2:48:15,,,"1, 2, 6, 7",3.0,"1, 8, 10",26.0,30334,PDCGOOD001,퍼펙트 프로그램(특별사은품:종아리다이어트),310000,2001-08-28 02:53:34,1
332,4446,okdongi,740924.0,153-864,17.0,2.0,162.0,59.0,0.0,2,49.0,2001-08-24 오후 5:09:04,,,"1, 3, 6, 7",3.0,10,22.0,30289,MDFMEAL08082,비에트로(혼합20봉지),36900,2001-08-28 05:38:14,1
333,4447,okdongi,740924.0,153-864,17.0,2.0,162.0,59.0,0.0,2,49.0,2001-08-24 오후 5:09:04,,,"1, 3, 6, 7",3.0,10,22.0,30289,MDGFASH004,다이어트 반바지,20000,2001-08-28 05:38:14,1
334,4448,pirice12,730113.0,156-842,12.0,2.0,155.0,51.0,1.0,,45.0,2001-08-28 오후 12:53:43,27,,"1, 2, 4, 6, 7",3.0,1,21.0,30293,MDFMEAL0808,비에트로(매운맛 20봉지),31450,2001-08-28 01:03:33,1
335,4449,cornc28,731025.0,132-791,17.0,2.0,163.0,60.0,0.0,"1, 2",48.0,2001-08-22 오후 3:35:47,72,93,"2, 6, 7, 9",3.0,"1, 2, 4, 5, 10",22.0,30295,MDGVDCD012,"이선정, 권민중의 복싱 에어로빅",14500,2001-08-28 01:20:14,1
336,4450,dongli,790329.0,135-260,15.0,2.0,158.5,56.0,0.0,,52.0,2001-01-13 오전 1:33:19,,,"1, 4, 6, 7",1.0,,22.0,30301,GDCMAIL001,굿 다이어트 코치,18000,2001-08-28 01:39:50,1
337,4451,hahaphum,771107.0,500-460,12.0,2.0,165.0,50.0,0.0,,47.0,2001-08-28 오후 12:09:07,26,30,"2, 6",1.0,"2, 4",18.0,30303,MDEHRWE008,파워세라믹종아리 다이어트(1년감사세일),19500,2001-08-28 01:38:58,1
338,4452,mindfree,810702.0,135-230,15.0,2.0,168.0,73.0,0.0,2,70.0,2001-08-14 오전 9:47:06,34,41,"1, 2, 3, 4, 5, 6, 7, 8, 9",1.0,"1, 8",25.0,30304,GDCMAIL001,굿 다이어트 코치,18000,2001-08-28 01:37:15,1
339,4453,jiyuni01,810311.0,140-200,15.0,2.0,165.0,51.0,0.0,"1, 2",45.0,2000-12-13 오후 3:23:39,,,"1, 2, 3, 4, 5, 6, 7, 9",1.0,"3, 4, 6",20.0,30305,PDFMEAL011,내추럴하우스다이어트 커피맛(특별사은품:훌라후프),70000,2001-08-28 01:40:27,1
340,4454,jiyuni01,810311.0,140-200,15.0,2.0,165.0,51.0,0.0,"1, 2",45.0,2000-12-13 오후 3:23:39,,,"1, 2, 3, 4, 5, 6, 7, 9",1.0,"3, 4, 6",20.0,30305,MDEHRWE006,주방용저울 KD-160,58000,2001-08-28 01:40:27,1
341,4455,ka71,720119.0,411-370,17.0,2.0,163.0,66.0,1.0,3,55.0,2001-08-28 오후 1:46:30,,,"1, 3, 4, 9",3.0,2,24.0,30306,MDEPART003,뷰티라인-멀티,22000,2001-08-28 03:33:51,1
342,4456,jiyuni01,810311.0,140-200,15.0,2.0,165.0,51.0,0.0,"1, 2",45.0,2000-12-13 오후 3:23:39,,,"1, 2, 3, 4, 5, 6, 7, 9",1.0,"3, 4, 6",20.0,30307,PDFMEAL011,내추럴하우스다이어트 커피맛(특별사은품:훌라후프),70000,2001-08-28 01:52:13,1
343,4457,jiyuni01,810311.0,140-200,15.0,2.0,165.0,51.0,0.0,"1, 2",45.0,2000-12-13 오후 3:23:39,,,"1, 2, 3, 4, 5, 6, 7, 9",1.0,"3, 4, 6",20.0,30307,MDEHRWE006,주방용저울 KD-160,58000,2001-08-28 01:52:13,1
344,4458,mimo1101,800825.0,130-035,17.0,2.0,157.0,47.0,0.0,"1, 2",45.0,2001-05-11 오후 5:27:37,26,34,"1, 3, 6",1.0,"3, 4, 5",18.0,30315,MDGFASH021,헬쓰 런닝 세트(다이어트 상의+반바지+종아리아대),49000,2001-08-28 03:33:45,1
345,4462,cobbie70,700125.0,157-200,1.0,2.0,159.0,55.0,1.0,"2, 4",49.0,2001-08-27 오전 11:18:16,28,,"3, 4, 9",1.0,8,21.0,30325,GDCMAIL001,굿 다이어트 코치,18000,2001-08-28 02:34:02,1
346,4467,moon9516,740205.0,122-052,12.0,2.0,171.5,61.5,0.0,,54.0,2000-08-11 오후 1:56:20,,,"1, 6",2.0,4,19.0,30336,MDGFASH004,다이어트 반바지,20000,2001-08-28 03:10:10,1
347,4468,heesugizi,660305.0,152-841,1.0,2.0,159.0,56.0,0.0,,54.0,2001-06-12 오후 8:04:36,28,36,"1, 2, 3",1.0,"1, 2, 7",22.0,30340,MDFFIBE002,클린화이버,20000,2001-08-28 03:56:29,1
348,4469,heesugizi,660305.0,152-841,1.0,2.0,159.0,56.0,0.0,,54.0,2001-06-12 오후 8:04:36,28,36,"1, 2, 3",1.0,"1, 2, 7",22.0,30340,PDFFIBE005,굿모닝화이버<br>,50000,2001-08-28 03:56:29,1
349,4470,breat96,770530.0,427-010,15.0,2.0,177.0,63.0,0.0,3,55.0,2001-08-28 오후 3:46:24,30,45,6,3.0,10,20.0,30342,MDEHRWE008,파워세라믹종아리 다이어트(1년감사세일),19500,2001-08-28 03:48:07,1
350,4471,breat96,770530.0,427-010,15.0,2.0,177.0,63.0,0.0,3,55.0,2001-08-28 오후 3:46:24,30,45,6,3.0,10,20.0,30343,MDEPART007,파워세라믹종아리 다이어트(1년 감사세일),19500,2001-08-28 03:50:30,1
351,4473,somi0628,710807.0,456-040,14.0,2.0,171.0,70.0,1.0,"1, 2",67.0,2001-08-20 오후 7:30:14,32,100,"2, 6",1.0,2,23.0,30356,GDCMAIL001,굿 다이어트 코치,18000,2001-08-28 04:43:43,1
352,4474,heesun75,750111.0,120-113,17.0,2.0,157.0,55.0,0.0,"2, 3",10.0,2000-10-11 오후 9:07:03,,,"3, 4, 8, 9",1.0,"1, 3",22.0,30357,MDEHRWE007,만보계 TA5666,21000,2001-08-28 04:45:17,1
353,4475,misun2004,710225.0,682-060,14.0,2.0,165.0,63.0,1.0,"1, 2, 3",55.0,2001-08-18 오후 10:13:54,28,,"2, 6, 7",3.0,"1, 2",23.0,30358,PDCGOOD001,퍼펙트 프로그램(특별사은품:종아리다이어트),310000,2001-08-28 04:51:26,1
354,4476,cjhrosa,660707.0,404-260,14.0,2.0,167.0,58.0,1.0,,55.0,2001-08-28 오후 5:27:18,27,37,"1, 2, 5, 9",3.0,,20.0,30363,MDGLIKE006,매직마스크(★10만고객돌파기념☆),14900,2001-08-28 05:33:50,1
355,4477,chos8474,690927.0,156-011,14.0,2.0,157.0,53.0,1.0,,50.0,2001-08-28 오후 5:09:39,28,,"1, 3",3.0,,21.0,30364,MDEHRWE002,체중계 디지털 HD 308,29800,2001-08-28 05:34:53,1
356,4478,key0408,740316.0,420-013,3.0,2.0,174.0,62.0,0.0,,57.0,2000-08-26 오후 1:22:23,29,35,"1, 2, 3, 4, 5, 6, 7, 9",1.0,"1, 2, 4, 5",20.0,30365,MDGFASH004,다이어트 반바지,20000,2001-08-28 05:46:36,1
357,4479,key0408,740316.0,420-013,3.0,2.0,174.0,62.0,0.0,,57.0,2000-08-26 오후 1:22:23,29,35,"1, 2, 3, 4, 5, 6, 7, 9",1.0,"1, 2, 4, 5",20.0,30365,MDGFASH002,다이어트 코르셋,35000,2001-08-28 05:46:36,1
358,4480,sappi2000,680803.0,435-010,6.0,2.0,159.2,57.0,0.0,1,53.0,2001-08-28 오후 5:37:00,,,"1, 2, 3, 4, 5, 6, 7, 8, 9",2.0,,22.0,30366,PDCGOOD001,퍼펙트 프로그램(특별사은품:종아리다이어트),310000,2001-08-28 05:38:19,1
359,4481,akong2,740625.0,151-050,3.0,2.0,164.0,57.0,0.0,2,52.0,2000-06-30 오후 4:30:29,,,"1, 3, 4, 6, 7",1.0,"1, 2, 8",21.0,30378,MDFFUNC033,둥글둥글한 초콩환,69000,2001-08-28 08:03:05,1
360,4482,moondyda,851223.0,769-806,15.0,2.0,147.0,42.0,0.0,,39.0,2001-08-28 오후 6:55:23,26,32,"1, 2, 4, 6, 7, 8",1.0,10,19.0,30380,MDEHRWE008,파워세라믹종아리 다이어트(1년감사세일),19500,2001-08-28 08:08:13,1
361,4483,beanbird,810112.0,506-300,15.0,2.0,165.0,55.0,0.0,"1, 2, 4",50.0,2000-07-31 오후 8:44:05,28,93,"6, 7",1.0,3,20.0,30382,MDEHRWE008,파워세라믹종아리 다이어트(1년감사세일),19500,2001-08-28 08:48:35,1
362,4484,twotwotwo,780507.0,560-859,14.0,2.0,159.0,65.0,1.0,1,50.0,2001-08-28 오후 8:52:58,92,100,"1, 2, 4, 7",1.0,,25.0,30385,MDEETCC008,GDS-미니스텝퍼(1년 감사세일),39900,2001-08-28 08:56:32,1
363,4485,twotwotwo,780507.0,560-859,14.0,2.0,159.0,65.0,1.0,1,50.0,2001-08-28 오후 8:52:58,92,100,"1, 2, 4, 7",1.0,,25.0,30385,MDEHRWE011,웨이브 훌라후프 1세트,9900,2001-08-28 08:56:32,1
364,4150,dufgufrk,760409.0,156-010,3.0,2.0,161.0,67.0,0.0,"2, 4",48.0,2001-08-23 오전 10:18:03,32,?,"1, 3, 4, 6",1.0,"1, 4",25.0,29262,MDFMEAL0808,비에트로(매운맛 20봉지),31450,2001-08-23 10:19:06,1
365,4151,gudtndi,750505.0,404-221,3.0,2.0,160.5,67.5,0.0,4,60.0,2001-08-23 오전 9:50:47,32,,"1, 3, 6, 7",5.0,2,26.0,29268,PDCGOOD001,퍼펙트 프로그램(특별사은품:종아리다이어트),310000,2001-08-23 03:30:39,1
366,4152,jinok5854,670602.0,500-131,14.0,2.0,157.0,49.0,1.0,,47.0,2001-08-23 오전 11:23:29,26,,6,3.0,,19.0,29286,MDEHRWE008,파워세라믹종아리 다이어트(1년감사세일),19500,2001-08-23 11:27:28,1
367,4153,kikired,791117.0,131-753,15.0,2.0,161.0,66.0,0.0,,60.0,2001-06-25 오후 8:46:52,31,,"1, 3, 5, 7",1.0,,26.0,29292,MDFMEAL0808,비에트로(매운맛 20봉지),31450,2001-08-23 11:46:39,1
368,4154,heekum74,730103.0,135-080,17.0,2.0,163.0,60.0,0.0,2,50.0,2001-08-18 오전 10:47:20,28,,"1, 3, 6, 7, 9",1.0,8,22.0,29299,MDEPART017,다이어트진동벨트(특별사은품:매직마스크),99000,2001-08-23 12:14:27,1
369,4155,cmj4333,800412.0,704-062,6.0,2.0,158.0,67.0,0.0,"1, 2",55.0,2001-08-23 오후 12:47:50,30,,"1, 3, 4, 5, 6, 7, 9",1.0,"1, 2, 4",26.0,29311,MDBWEEK01,1주일다이어트대작전(부록:다이어트다이어리),7300,2001-08-23 01:24:41,1
370,4156,cmj4333,800412.0,704-062,6.0,2.0,158.0,67.0,0.0,"1, 2",55.0,2001-08-23 오후 12:47:50,30,,"1, 3, 4, 5, 6, 7, 9",1.0,"1, 2, 4",26.0,29311,MDGVDCD004,다이어트음악,14000,2001-08-23 01:24:41,1
371,4157,odyssey325,780220.0,790-828,12.0,2.0,161.0,60.0,1.0,"1, 2, 4",54.0,2001-05-22 오전 11:38:14,28,97,"1, 2, 3, 4, 5, 6, 7",5.0,,23.0,29314,PDFFUNC007,깜짝변신 다이어트세트( 특별사은품:매직마스크),130000,2001-08-25 01:34:17,1
372,4158,monroe,680114.0,506-020,1.0,2.0,162.0,53.0,1.0,2,50.0,2001-08-23 오후 1:16:50,27,38,"2, 6",3.0,,20.0,29317,MDGFASH004,다이어트 반바지,20000,2001-08-23 01:22:43,1
373,4159,steve333jy,810412.0,530-350,15.0,2.0,168.0,60.0,0.0,,56.0,2001-06-28 오후 4:41:41,29,,7,1.0,"4, 5",21.0,29324,MDGLIKE008,미용척추벨트,27000,2001-08-23 01:44:32,1
374,4160,steve333jy,810412.0,530-350,15.0,2.0,168.0,60.0,0.0,,56.0,2001-06-28 오후 4:41:41,29,,7,1.0,"4, 5",21.0,29324,MDGLIKE007,쌍꺼풀 미용기,50000,2001-08-23 01:44:32,1
375,4161,twopuppies,720830.0,100-714,3.0,2.0,160.0,50.0,1.0,2,47.0,2001-08-23 오후 1:43:32,,,"1, 5",3.0,,19.0,29327,MDGFASH004,다이어트 반바지,20000,2001-08-23 01:45:20,1
376,4162,blue921,790921.0,480-808,12.0,2.0,162.0,62.0,0.0,2,55.0,2001-08-23 오후 1:49:21,,,"1, 2, 3, 4, 5, 6, 7, 9",1.0,"4, 5",23.0,29330,MDEPART007,파워세라믹종아리 다이어트(1년 감사세일),19500,2001-08-23 01:52:01,1
377,4163,aza77,771222.0,110-842,15.0,2.0,168.0,52.0,0.0,,48.0,2001-08-23 오후 1:53:56,,,"1, 2, 6",5.0,,18.0,29331,MDEHRWE008,파워세라믹종아리 다이어트(1년감사세일),19500,2001-08-23 01:55:50,1
378,4164,paldus,780830.0,604-807,12.0,2.0,158.0,50.0,0.0,4,48.0,2001-08-23 오후 2:25:51,,,"6, 7, 9",1.0,"7, 8",20.0,29349,MDEHRWE008,파워세라믹종아리 다이어트(1년감사세일),19500,2001-08-23 02:28:05,1
379,4165,koibito74,740529.0,617-050,3.0,2.0,162.0,56.0,0.0,2,48.0,2001-08-23 오후 2:38:20,28,,"1, 6",5.0,,21.0,29352,PDFFUNC001,내추럴하우스 라인-업(특별사은품:훌라후프),60000,2001-08-23 02:39:12,1
380,4166,foxsoso,650201.0,135-080,12.0,1.0,179.0,86.0,1.0,3,84.0,2001-08-23 오후 2:33:18,36,,1,3.0,10,26.0,29353,GDCMAIL001,굿 다이어트 코치,18000,2001-08-23 02:40:35,1
381,4167,SHINMI21,800909.0,412-210,3.0,2.0,164.0,60.0,0.0,2,55.0,2001-03-04 오전 7:00:05,,,1,1.0,10,22.0,29354,MDEPART012,매직후프 디지털(계측기 포함)1세트,27000,2001-08-23 02:49:22,1
382,4168,pjj0224,651227.0,405-755,1.0,2.0,162.0,56.0,1.0,"2, 3",52.0,2001-08-23 오후 3:26:11,29,33,"1, 3, 6, 8, 9",3.0,10,21.0,29362,MDEHRWE008,파워세라믹종아리 다이어트(1년감사세일),19500,2001-08-23 03:28:55,1
383,4169,min375,800802.0,437-070,15.0,2.0,170.0,58.0,0.0,,50.0,2000-08-29 오후 6:15:49,,,6,2.0,,20.0,29365,MDEHRWE008,파워세라믹종아리 다이어트(1년감사세일),19500,2001-08-23 03:43:48,1
384,4170,min375,800802.0,437-070,15.0,2.0,170.0,58.0,0.0,,50.0,2000-08-29 오후 6:15:49,,,6,2.0,,20.0,29370,MDEHRWE008,파워세라믹종아리 다이어트(1년감사세일),19500,2001-08-23 04:02:16,1
385,4171,sputnik56,560409.0,132-757,14.0,2.0,155.0,51.0,1.0,1,49.0,2001-08-23 오후 3:49:11,26,90,6,3.0,2,21.0,29372,MDEHRWE008,파워세라믹종아리 다이어트(1년감사세일),19500,2001-08-23 03:51:08,1
386,4172,raven97,790108.0,702-843,3.0,2.0,165.0,53.0,0.0,"1, 2",47.0,2001-08-23 오후 4:11:46,26,95,"1, 6",3.0,,19.0,29377,MDEHRWE008,파워세라믹종아리 다이어트(1년감사세일),19500,2001-08-23 04:29:36,1
387,4174,euykyoun,621225.0,131-845,12.0,2.0,156.0,65.0,1.0,1,53.0,2001-08-18 오후 12:48:34,30,,"3, 6, 7",3.0,"2, 8",26.0,29385,MDGFASH004,다이어트 반바지,20000,2001-08-23 04:31:01,1
388,4175,jyhe,770212.0,760-711,17.0,2.0,155.0,57.3,0.0,2,54.0,2001-02-14 오후 12:06:15,28,,"2, 3, 6",4.0,5,24.0,29386,MDEHRWE011,웨이브 훌라후프 1세트,9900,2001-08-23 04:35:28,1
389,4176,webinner,740101.0,137-070,6.0,1.0,170.0,62.0,0.0,,61.0,2000-05-12 오후 3:38:49,,,"1, 2",3.0,4,21.0,29387,MDBWEEK01,1주일다이어트대작전(부록:다이어트다이어리),7300,2001-08-23 05:36:04,1
390,4177,lim9552,560217.0,306-060,15.0,2.0,174.0,84.0,1.0,2,75.0,2001-08-23 오후 4:44:26,35,104,"1, 3",3.0,1,27.0,29391,MDEHRWE011,웨이브 훌라후프 1세트,9900,2001-08-23 04:52:17,1
391,4178,7676kong,760706.0,137-040,3.0,2.0,160.0,70.0,0.0,"1, 2",50.0,2000-07-12 오후 1:28:26,30,100,"1, 2, 3, 5, 6, 7, 8, 9",1.0,"1, 2, 9",27.0,29392,MDFMEAL0808,비에트로(매운맛 20봉지),31450,2001-08-23 04:54:44,1
392,4179,psh1007,761007.0,200-948,1.0,2.0,170.0,70.0,0.0,3,10.0,2001-08-23 오후 4:48:04,32,,"1, 2, 6, 7, 8",2.0,2,24.0,29393,PDCGOOD001,퍼펙트 프로그램(특별사은품:종아리다이어트),310000,2001-08-23 04:50:06,1
393,4180,bing2784,880521.0,403-090,15.0,2.0,160.0,45.0,0.0,,50.0,2001-08-23 오후 4:59:58,,,,,,17.0,29399,MDEHRWE008,파워세라믹종아리 다이어트(1년감사세일),19500,2001-08-23 05:07:48,1
394,4181,bing2784,880521.0,403-090,15.0,2.0,160.0,45.0,0.0,,50.0,2001-08-23 오후 4:59:58,,,,,,17.0,29399,MDEHRWE011,웨이브 훌라후프 1세트,9900,2001-08-23 05:07:48,1
395,4182,bing2784,880521.0,403-090,15.0,2.0,160.0,45.0,0.0,,50.0,2001-08-23 오후 4:59:58,,,,,,17.0,29402,MDEHRWE008,파워세라믹종아리 다이어트(1년감사세일),19500,2001-08-23 05:10:55,1
396,4183,bing2784,880521.0,403-090,15.0,2.0,160.0,45.0,0.0,,50.0,2001-08-23 오후 4:59:58,,,,,,17.0,29404,MDEHRWE011,웨이브 훌라후프 1세트,9900,2001-08-23 05:12:50,1
397,4184,lykyung,710723.0,621-090,14.0,2.0,158.0,57.0,1.0,2,53.0,2000-07-25 오후 2:34:21,28,96,"1, 4, 6",3.0,9,22.0,29409,GDCMAIL001,굿 다이어트 코치,18000,2001-08-23 05:34:27,1
398,4185,webinner,740101.0,137-070,6.0,1.0,170.0,62.0,0.0,,61.0,2000-05-12 오후 3:38:49,,,"1, 2",3.0,4,21.0,29411,MDBWEEK01,1주일다이어트대작전(부록:다이어트다이어리),7300,2001-08-23 05:38:28,1
399,4186,webinner,740101.0,137-070,6.0,1.0,170.0,62.0,0.0,,61.0,2000-05-12 오후 3:38:49,,,"1, 2",3.0,4,21.0,29413,MDBWEEK01,1주일다이어트대작전(부록:다이어트다이어리),7300,2001-08-23 06:05:03,1
400,4187,webinner,740101.0,137-070,6.0,1.0,170.0,62.0,0.0,,61.0,2000-05-12 오후 3:38:49,,,"1, 2",3.0,4,21.0,29423,MDBWEEK01,1주일다이어트대작전(부록:다이어트다이어리),7300,2001-08-23 06:11:46,1
401,4188,webinner,740101.0,137-070,6.0,1.0,170.0,62.0,0.0,,61.0,2000-05-12 오후 3:38:49,,,"1, 2",3.0,4,21.0,29425,MDBWEEK01,1주일다이어트대작전(부록:다이어트다이어리),7300,2001-08-23 06:17:38,1
402,4189,webinner,740101.0,137-070,6.0,1.0,170.0,62.0,0.0,,61.0,2000-05-12 오후 3:38:49,,,"1, 2",3.0,4,21.0,29426,MDBWEEK01,1주일다이어트대작전(부록:다이어트다이어리),7300,2001-08-23 06:24:40,1
403,4190,webinner,740101.0,137-070,6.0,1.0,170.0,62.0,0.0,,61.0,2000-05-12 오후 3:38:49,,,"1, 2",3.0,4,21.0,29427,MDBWEEK01,1주일다이어트대작전(부록:다이어트다이어리),7300,2001-08-23 06:27:17,1
404,4192,yeonie1029,761029.0,690-170,12.0,2.0,153.0,53.0,0.0,1,45.0,2000-11-17 오후 10:14:10,27,83,"1, 6",1.0,"1, 2, 3, 4",22.0,29429,MDEPART005,김원희의 얼굴이 작아졌어요,14500,2001-08-23 06:42:53,1
405,4206,suni0242,811109.0,131-789,15.0,2.0,173.0,62.0,0.0,4,48.0,2001-08-23 오후 8:15:53,27,,"1, 3, 6",1.0,5,20.0,29451,MDEHRWE008,파워세라믹종아리 다이어트(1년감사세일),19500,2001-08-23 08:25:53,1
406,4210,k2000pa,800203.0,143-210,15.0,2.0,158.0,46.0,0.0,,42.0,2001-02-28 오후 11:51:02,,,"3, 4, 7",1.0,4,21.0,29473,MDEHRWE008,파워세라믹종아리 다이어트(1년감사세일),19500,2001-08-23 09:51:02,1
407,4193,webinner,740101.0,137-070,6.0,1.0,170.0,62.0,0.0,,61.0,2000-05-12 오후 3:38:49,,,"1, 2",3.0,4,21.0,29431,MDBWEEK01,1주일다이어트대작전(부록:다이어트다이어리),7300,2001-08-23 06:56:17,1
408,4194,webinner,740101.0,137-070,6.0,1.0,170.0,62.0,0.0,,61.0,2000-05-12 오후 3:38:49,,,"1, 2",3.0,4,21.0,29432,MDBWEEK01,1주일다이어트대작전(부록:다이어트다이어리),7300,2001-08-23 07:02:40,1
409,4195,webinner,740101.0,137-070,6.0,1.0,170.0,62.0,0.0,,61.0,2000-05-12 오후 3:38:49,,,"1, 2",3.0,4,21.0,29434,MDBWEEK01,1주일다이어트대작전(부록:다이어트다이어리),7300,2001-08-23 07:09:27,1
410,4196,webinner,740101.0,137-070,6.0,1.0,170.0,62.0,0.0,,61.0,2000-05-12 오후 3:38:49,,,"1, 2",3.0,4,21.0,29435,MDBWEEK01,1주일다이어트대작전(부록:다이어트다이어리),7300,2001-08-23 07:14:29,1
411,4197,webinner,740101.0,137-070,6.0,1.0,170.0,62.0,0.0,,61.0,2000-05-12 오후 3:38:49,,,"1, 2",3.0,4,21.0,29437,MDBWEEK01,1주일다이어트대작전(부록:다이어트다이어리),7300,2001-08-23 07:21:56,1
412,4198,ruineq,801021.0,402-040,14.0,2.0,158.0,50.0,1.0,4,45.0,2001-08-23 오후 7:25:08,26,35,"3, 6, 7",1.0,10,20.0,29438,MDGFASH004,다이어트 반바지,20000,2001-08-23 07:26:39,1
413,4199,lemony32,820302.0,134-837,15.0,2.0,163.0,63.0,0.0,"1, 4",50.0,2001-08-23 오후 7:25:22,29,100,"3, 6",1.0,"4, 5",23.0,29439,MDEHRWE008,파워세라믹종아리 다이어트(1년감사세일),19500,2001-08-23 07:27:37,1
414,4200,webinner,740101.0,137-070,6.0,1.0,170.0,62.0,0.0,,61.0,2000-05-12 오후 3:38:49,,,"1, 2",3.0,4,21.0,29440,MDBWEEK01,1주일다이어트대작전(부록:다이어트다이어리),7300,2001-08-23 07:27:02,1
415,4201,webinner,740101.0,137-070,6.0,1.0,170.0,62.0,0.0,,61.0,2000-05-12 오후 3:38:49,,,"1, 2",3.0,4,21.0,29441,MDBWEEK01,1주일다이어트대작전(부록:다이어트다이어리),7300,2001-08-23 07:29:02,1
416,4202,webinner,740101.0,137-070,6.0,1.0,170.0,62.0,0.0,,61.0,2000-05-12 오후 3:38:49,,,"1, 2",3.0,4,21.0,29442,MDBWEEK01,1주일다이어트대작전(부록:다이어트다이어리),7300,2001-08-23 07:36:16,1
417,4203,webinner,740101.0,137-070,6.0,1.0,170.0,62.0,0.0,,61.0,2000-05-12 오후 3:38:49,,,"1, 2",3.0,4,21.0,29444,MDBWEEK01,1주일다이어트대작전(부록:다이어트다이어리),7300,2001-08-23 07:39:04,1
418,4204,webinner,740101.0,137-070,6.0,1.0,170.0,62.0,0.0,,61.0,2000-05-12 오후 3:38:49,,,"1, 2",3.0,4,21.0,29445,MDFMEAL0808,비에트로(매운맛 20봉지),31450,2001-08-23 07:41:49,1
419,4205,yb7859,740923.0,301-030,17.0,2.0,162.0,58.0,0.0,"1, 2",53.0,2001-08-19 오전 1:23:22,27,36,"1, 2, 3, 6, 7, 9",2.0,,21.0,29448,GDCMAIL001,굿 다이어트 코치,18000,2001-08-23 08:06:51,1
420,4207,phratia,790919.0,121-080,15.0,2.0,157.0,48.0,0.0,,46.0,2000-07-14 오전 12:07:12,,,"1, 6, 7",1.0,1,21.0,29454,MDEPART011,스텝퍼GD130,59000,2001-08-23 08:38:15,1
421,4208,koreazzang72,720423.0,121-817,12.0,1.0,175.0,75.0,0.0,,70.0,2001-08-23 오후 8:47:32,32,,,,,24.0,29458,MDGLIKE006,매직마스크(★10만고객돌파기념☆),14900,2001-08-23 08:48:39,1
422,4211,blue4155,630625.0,122-927,14.0,2.0,152.0,45.5,0.0,2,45.0,2001-04-27 오후 9:20:34,26,35.5,"2, 6",3.0,"1, 2, 5, 10",21.0,29476,MDGFASH004,다이어트 반바지,20000,2001-08-23 10:21:46,1
423,4227,boram326,760326.0,302-782,12.0,2.0,158.0,52.0,0.0,,47.0,2001-08-24 오전 10:52:43,,,"6, 7",1.0,5,20.0,29558,MDEPART009,GDS-미니스텝퍼,39900,2001-08-24 10:58:52,1
424,4228,1930003,741116.0,110-061,16.0,2.0,160.0,55.0,0.0,"1, 2",46.0,2001-05-30 오후 3:17:10,28,40,"2, 6",1.0,4,21.0,29559,MDEHRWE008,파워세라믹종아리 다이어트(1년감사세일),19500,2001-08-24 11:23:00,1
425,4212,sarangnnn,810713.0,151-012,17.0,2.0,162.0,57.0,0.0,2,53.0,2001-08-23 오후 11:02:40,27,37,"2, 3, 4, 6, 7, 9",1.0,,21.0,29491,GDCMAIL001,굿 다이어트 코치,18000,2001-08-23 11:20:17,1
426,4213,kimhyunji,720217.0,706-810,12.0,2.0,156.0,55.0,0.0,4,48.0,2001-08-23 오후 11:17:43,27,,"1, 2, 3, 4",3.0,8,22.0,29492,MDGLIKE006,매직마스크(★10만고객돌파기념☆),14900,2001-08-23 11:22:40,1
427,4214,sarangnnn,810713.0,151-012,17.0,2.0,162.0,57.0,0.0,2,53.0,2001-08-23 오후 11:02:40,27,37,"2, 3, 4, 6, 7, 9",1.0,,21.0,29493,MDEHRWE008,파워세라믹종아리 다이어트(1년감사세일),19500,2001-08-23 11:26:45,1
428,4215,tweetyeunk,830218.0,152-050,15.0,2.0,165.0,48.0,0.0,"1, 2",45.0,2001-08-24 오전 12:37:10,24,34,6,1.0,"2, 5, 8",17.0,29504,MDEPART007,파워세라믹종아리 다이어트(1년 감사세일),19500,2001-08-24 12:39:24,1
429,4216,79ohj,790601.0,210-112,15.0,2.0,166.0,62.0,0.0,"1, 2",58.0,2001-04-09 오후 8:01:45,32,37,"1, 2, 3, 4, 5, 6, 7, 8, 9",2.0,"1, 4, 5",22.0,29505,GDCMAIL001,굿 다이어트 코치,18000,2001-08-24 12:56:53,1
430,4217,sumart,770930.0,320-754,15.0,1.0,175.0,68.0,0.0,,75.0,2001-08-24 오전 1:10:52,30,,,,,22.0,29507,MDEHRWE008,파워세라믹종아리 다이어트(1년감사세일),19500,2001-08-24 01:18:39,1
431,4218,staff847,750116.0,120-823,11.0,2.0,160.0,79.0,0.0,1,75.0,2001-08-24 오전 12:59:14,92,103,1,3.0,2,30.0,29508,GDCMAIL001,굿 다이어트 코치,18000,2001-08-24 01:13:14,1
432,4219,Hippy99,810221.0,140-742,15.0,2.0,165.0,56.0,0.0,,52.0,2000-11-07 오전 12:12:10,,,,,,20.0,29510,MDEHRWE008,파워세라믹종아리 다이어트(1년감사세일),19500,2001-08-24 01:57:55,1
433,4220,whitty0618,820627.0,449-701,15.0,2.0,165.0,58.0,0.0,2,52.0,2001-08-24 오전 3:41:37,29,32,"4, 6, 9",1.0,"2, 5",21.0,29514,MDEHRWE008,파워세라믹종아리 다이어트(1년감사세일),19500,2001-08-24 03:44:43,1
434,4221,ilidium,750720.0,402-023,16.0,2.0,160.0,66.0,0.0,1,62.0,2000-10-27 오후 10:55:44,,,8,1.0,"1, 5, 9",26.0,29517,GDCMAIL001,굿 다이어트 코치,18000,2001-08-24 04:52:08,1
435,4222,jini2634,810713.0,614-090,15.0,2.0,168.0,48.0,0.0,2,46.0,2001-08-24 오전 9:54:22,24,,"4, 7",1.0,,17.0,29540,MDEPART001,매직마스크(☆10만고객돌파기념 대할인),14900,2001-08-24 09:57:43,1
436,4223,peunjoo,770213.0,143-200,12.0,2.0,170.0,62.0,0.0,,58.0,2000-10-25 오후 4:24:29,28,,"1, 4, 6, 7",1.0,1,22.0,29550,MDEHRWE002,체중계 디지털 HD 308,29800,2001-08-25 10:00:45,1
437,4224,kwonys99,741121.0,790-140,4.0,2.0,164.0,58.0,0.0,,51.0,2000-09-14 오후 12:55:01,29,,"1, 3, 6",1.0,2,21.0,29551,MDEHRWE011,웨이브 훌라후프 1세트,9900,2001-08-24 10:26:02,1
438,4225,kwonys99,741121.0,790-140,4.0,2.0,164.0,58.0,0.0,,51.0,2000-09-14 오후 12:55:01,29,,"1, 3, 6",1.0,2,21.0,29554,MDEHRWE011,웨이브 훌라후프 1세트,19800,2001-08-24 10:41:03,2
439,4226,boram326,760326.0,302-782,12.0,2.0,158.0,52.0,0.0,,47.0,2001-08-24 오전 10:52:43,,,"6, 7",1.0,5,20.0,29556,MDEPART009,GDS-미니스텝퍼,39900,2001-08-24 10:54:34,1
440,4229,boram326,760326.0,302-782,12.0,2.0,158.0,52.0,0.0,,47.0,2001-08-24 오전 10:52:43,,,"6, 7",1.0,5,20.0,29560,MDEPART009,GDS-미니스텝퍼,39900,2001-08-24 11:04:07,1
441,4230,ledges,760706.0,463-776,3.0,2.0,160.0,53.0,0.0,2,50.0,2000-10-24 오후 2:34:21,72,94,"1, 2, 6",3.0,,20.0,29562,GDCMAIL001,굿 다이어트 코치,18000,2001-08-24 11:14:03,1
442,4231,laeti,751118.0,134-810,12.0,2.0,162.0,54.0,0.0,,50.0,2001-08-04 오후 10:11:56,28,36,"1, 3, 7",1.0,1,20.0,29569,GDCMAIL001,굿 다이어트 코치,18000,2001-08-24 11:30:55,1
443,4232,dannysw,760621.0,301-130,15.0,2.0,163.0,65.0,0.0,,57.0,2001-08-24 오전 2:26:46,,,,,,24.0,29573,MDFFUNC020,뉴 오오바꼬 다이어트,89000,2001-08-24 11:38:30,1
444,4233,ansaudwn,761123.0,425-854,4.0,2.0,158.0,47.0,0.0,2,43.0,2001-08-24 오전 11:56:18,25,,"1, 3, 4, 7",1.0,,18.0,29579,MDEPART001,매직마스크(☆10만고객돌파기념 대할인),14900,2001-08-24 01:11:43,1
445,4235,senmul,781120.0,712-772,3.0,2.0,155.0,41.0,0.0,2,38.0,2001-08-23 오후 4:55:43,,,6,1.0,4,17.0,29580,MDEHRWE008,파워세라믹종아리 다이어트(1년감사세일),19500,2001-08-24 12:16:07,1
446,4236,boram326,760326.0,302-782,12.0,2.0,158.0,52.0,0.0,,47.0,2001-08-24 오전 10:52:43,,,"6, 7",1.0,5,20.0,29595,MDEPART009,GDS-미니스텝퍼,39900,2001-08-24 01:11:27,1
447,4237,boram326,760326.0,302-782,12.0,2.0,158.0,52.0,0.0,,47.0,2001-08-24 오전 10:52:43,,,"6, 7",1.0,5,20.0,29596,MDEETCC008,GDS-미니스텝퍼(1년 감사세일),39900,2001-08-24 01:16:32,1
448,4234,ansaudwn,761123.0,425-854,4.0,2.0,158.0,47.0,0.0,2,43.0,2001-08-24 오전 11:56:18,25,,"1, 3, 4, 7",1.0,,18.0,29579,PDFMEAL011,내추럴하우스다이어트 커피맛(특별사은품:훌라후프),70000,2001-08-24 01:11:43,1
449,4238,webinner,740101.0,137-070,6.0,1.0,170.0,62.0,0.0,,61.0,2000-05-12 오후 3:38:49,,,"1, 2",3.0,4,21.0,29598,MDERUNM013,헬쓰파크5500런닝,1390000,2001-08-24 01:21:04,1
450,4307,jiyuni01,810311.0,140-200,15.0,2.0,165.0,51.0,0.0,"1, 2",45.0,2000-12-13 오후 3:23:39,,,"1, 2, 3, 4, 5, 6, 7, 9",1.0,"3, 4, 6",20.0,7806,MDEHRWE006,주방용저울 KD-160,58000,2001-08-28 01:34:33,1
451,4239,jasp7778,770313.0,423-030,4.0,2.0,159.0,60.0,0.0,"2, 4",45.0,2001-08-24 오후 1:11:53,32,38,"1, 3, 5, 6, 7",3.0,"4, 5",23.0,29599,MDEHRWE008,파워세라믹종아리 다이어트(1년감사세일),19500,2001-08-24 01:25:18,1
452,4240,faple,800525.0,487-881,17.0,2.0,161.0,56.5,0.0,,50.0,2001-08-22 오후 5:20:14,29,,"2, 6, 7",1.0,10,21.0,29601,MDEHRWE008,파워세라믹종아리 다이어트(1년감사세일),19500,2001-08-24 01:25:16,1
453,4241,i92708060,741012.0,420-729,12.0,2.0,159.0,51.0,0.0,,46.0,2001-08-14 오전 5:24:05,27,,"1, 3, 8",1.0,"1, 2, 3",20.0,29602,MDGLIKE013,뷰티라인(땡김이)-멀티,22000,2001-08-24 01:25:45,1
454,4242,jasp7778,770313.0,423-030,4.0,2.0,159.0,60.0,0.0,"2, 4",45.0,2001-08-24 오후 1:11:53,32,38,"1, 3, 5, 6, 7",3.0,"4, 5",23.0,29606,MDEHRWE004,체중계 기계식 TA1703,18000,2001-08-24 01:35:57,1
455,4243,tmdwns244,851102.0,300-040,15.0,2.0,162.0,50.0,0.0,2,45.0,2001-08-24 오후 2:03:45,26,30,"4, 6",1.0,,19.0,29615,MDGLIKE006,매직마스크(★10만고객돌파기념☆),14900,2001-08-24 02:09:03,1
456,4244,min55kyong,790213.0,690-050,17.0,2.0,162.0,52.0,0.0,2,47.0,2001-05-23 오후 8:37:28,26,,"2, 3, 6, 7",1.0,10,19.0,29621,MDEHRWE011,웨이브 훌라후프 1세트,9900,2001-08-25 10:13:17,1
457,4245,matsiro,750202.0,423-017,6.0,2.0,155.0,42.0,0.0,4,40.0,2001-08-24 오후 2:29:54,24,,"4, 6, 7",1.0,,17.0,29626,MDEHRWE008,파워세라믹종아리 다이어트(1년감사세일),19500,2001-08-24 02:49:21,1
458,4246,y1126611,780109.0,660-330,16.0,2.0,163.0,58.0,0.0,"2, 4",55.0,2000-10-29 오후 6:50:04,28,,"1, 2, 3, 4, 5, 6, 7, 8, 9",1.0,10,21.0,29637,MDFFIBE002,클린화이버,20000,2001-08-24 03:06:23,1
459,4247,ym77,771227.0,405-862,12.0,2.0,162.0,53.0,0.0,,46.0,2001-08-24 오후 3:16:08,26,,"1, 3, 4, 5, 6, 7",1.0,,20.0,29641,MDEPART015,매직리프팅,19900,2001-08-24 03:18:51,1
460,4248,kykyky21,800929.0,403-816,17.0,2.0,162.0,47.0,0.0,4,43.0,2001-08-24 오후 3:47:09,26,34,"1, 2, 3, 6",5.0,"2, 7, 10",17.0,29650,MDEHRWE008,파워세라믹종아리 다이어트(1년감사세일),19500,2001-08-24 03:49:46,1
461,4249,ryumss,770212.0,135-082,12.0,2.0,168.0,55.0,0.0,2,52.0,2000-10-02 오후 9:56:21,,,"1, 2, 6",5.0,4,19.0,29661,MDEHRWE008,파워세라믹종아리 다이어트(1년감사세일),19500,2001-08-24 04:20:24,1
462,4250,ryumss,770212.0,135-082,12.0,2.0,168.0,55.0,0.0,2,52.0,2000-10-02 오후 9:56:21,,,"1, 2, 6",5.0,4,19.0,29662,MDEHRWE008,파워세라믹종아리 다이어트(1년감사세일),19500,2001-08-24 04:24:37,1
463,4251,okdongi,740924.0,153-864,17.0,2.0,162.0,59.0,0.0,2,49.0,2001-08-24 오후 5:09:04,,,"1, 3, 6, 7",3.0,10,22.0,29673,MDEHRWE008,파워세라믹종아리 다이어트(1년감사세일),19500,2001-08-24 05:11:45,1
464,4252,enalove,820115.0,137-820,3.0,2.0,171.0,59.0,0.0,,48.0,2000-10-18 오전 10:14:36,27,,,4.0,5,20.0,29676,MDEHRWE011,웨이브 훌라후프 1세트,9900,2001-08-24 05:36:01,1
465,4253,seisei,761001.0,137-041,6.0,2.0,164.0,80.0,0.0,,57.0,2001-08-24 오후 5:26:47,32,40,"1, 2, 3, 4, 5, 6, 7, 8, 9",1.0,10,29.0,29678,MDGVDCD004,다이어트음악,14000,2001-08-24 05:41:20,1
466,4254,seisei,761001.0,137-041,6.0,2.0,164.0,80.0,0.0,,57.0,2001-08-24 오후 5:26:47,32,40,"1, 2, 3, 4, 5, 6, 7, 8, 9",1.0,10,29.0,29678,MDEHRWE002,체중계 디지털 HD 308,29800,2001-08-24 05:41:20,1
467,4255,ssend07,800229.0,462-701,15.0,2.0,163.0,43.0,0.0,4,0.0,2001-08-24 오후 6:00:12,22,작음,6,1.0,10,16.0,29682,MDEHRWE008,파워세라믹종아리 다이어트(1년감사세일),19500,2001-08-24 06:01:26,1
468,4256,end1ove,760910.0,314-070,17.0,2.0,160.0,69.0,0.0,2,65.0,2000-11-07 오전 9:24:20,29,,"1, 4, 5, 6",1.0,"1, 4, 5",26.0,29686,MDGFASH004,다이어트 반바지,20000,2001-08-24 06:24:34,1
469,4257,tmdwns244,851102.0,300-040,15.0,2.0,162.0,50.0,0.0,2,45.0,2001-08-24 오후 2:03:45,26,30,"4, 6",1.0,,19.0,29688,MDEPART003,뷰티라인-멀티,22000,2001-08-24 06:52:59,1
470,4258,nkr325,690325.0,506-762,14.0,2.0,160.0,59.0,1.0,,55.0,2001-08-24 오후 7:35:53,28,,"1, 6",5.0,"1, 4",22.0,29697,GDCMAIL001,굿 다이어트 코치,18000,2001-08-24 08:27:35,1
471,4259,nkr325,690325.0,506-762,14.0,2.0,160.0,59.0,1.0,,55.0,2001-08-24 오후 7:35:53,28,,"1, 6",5.0,"1, 4",22.0,29697,PDFMEAL20,생생(生生) 다이어트 세트,115000,2001-08-24 08:27:35,1
472,4260,snuahyun,820316.0,156-030,15.0,2.0,160.0,53.0,0.0,"1, 2",48.0,2001-08-08 오후 6:58:07,26,,6,1.0,"2, 3",20.0,29700,MDEPART007,파워세라믹종아리 다이어트(1년 감사세일),19500,2001-08-24 09:01:08,1
473,4262,je1126,821220.0,131-205,3.0,2.0,164.0,64.0,0.0,2,50.0,2001-08-24 오후 10:19:05,,,"1, 2, 3, 6, 7",4.0,"5, 10",23.0,29712,MDEHRWE008,파워세라믹종아리 다이어트(1년감사세일),19500,2001-08-24 10:23:53,1
474,4263,cyonpink,800205.0,437-020,7.0,2.0,163.0,56.0,0.0,"1, 2",45.0,2001-08-23 오전 12:51:39,26,,"1, 2, 3, 4, 5, 6, 7, 9",1.0,"1, 2, 3, 4, 5",21.0,29716,MDEPART007,파워세라믹종아리 다이어트(1년 감사세일),19500,2001-08-24 10:51:58,1
475,4264,veritas79,790214.0,138-740,12.0,2.0,167.0,55.0,0.0,2,45.0,2000-10-18 오후 11:57:59,,,"1, 2, 4, 5, 7",1.0,4,19.0,29717,MDGLIKE006,매직마스크(★10만고객돌파기념☆),14900,2001-08-24 10:51:42,1
476,4265,sryu0511,780511.0,704-370,16.0,2.0,150.0,41.5,0.0,,40.0,2000-10-19 오전 12:36:13,25,33,,,,18.0,29718,MDGLIKE001,"오레그 O다리,X다리 교정벨트(고급형)",19900,2001-08-24 10:56:13,1
477,4266,juheeya98,790816.0,702-022,15.0,2.0,175.0,60.0,0.0,,55.0,2001-08-22 오후 5:17:56,29,,"1, 7",1.0,4,19.0,29719,MDEHRWE008,파워세라믹종아리 다이어트(1년감사세일),19500,2001-08-24 11:02:42,1
478,4267,lhj1782,820316.0,138-780,15.0,2.0,160.0,47.0,0.0,,43.0,2001-08-24 오후 10:53:51,25,,6,1.0,,18.0,29721,MDEHRWE008,파워세라믹종아리 다이어트(1년감사세일),19500,2001-08-24 11:07:37,1
479,4268,lana2000,830129.0,136-053,15.0,2.0,168.0,76.0,0.0,,66.0,2001-04-11 오후 2:25:26,78,90,"2, 4, 5, 6, 7, 9",1.0,,26.0,29739,MDEPART001,매직마스크(☆10만고객돌파기념 대할인),14900,2001-08-25 02:21:15,1
480,4269,lana2000,830129.0,136-053,15.0,2.0,168.0,76.0,0.0,,66.0,2001-04-11 오후 2:25:26,78,90,"2, 4, 5, 6, 7, 9",1.0,,26.0,29740,MDGVDCD004,다이어트음악,14000,2001-08-25 02:35:31,1
481,4270,chun5960,740220.0,131-862,17.0,2.0,168.0,58.0,0.0,,55.0,2001-08-25 오전 4:19:11,27,40,"1, 2, 3, 4, 5, 6, 7, 9",1.0,,20.0,29744,MDEHRWE008,파워세라믹종아리 다이어트(1년감사세일),19500,2001-08-25 04:21:03,1
482,4271,whiteyj,790202.0,122-110,3.0,2.0,158.0,65.0,0.0,,59.0,2001-08-23 오후 2:14:00,32,,"1, 3, 4, 5, 6, 7, 8, 9",1.0,4,26.0,29757,GDCMAIL001,굿 다이어트 코치,18000,2001-08-25 09:56:31,1
483,4272,nicewo,770105.0,157-812,12.0,2.0,170.0,57.0,0.0,,53.0,2001-06-29 오후 5:57:41,26,35,6,1.0,,19.0,29758,MDEPART003,뷰티라인-멀티,22000,2001-08-25 09:57:42,1
484,4273,yjk692,690125.0,200-050,14.0,2.0,153.0,55.0,1.0,"2, 4",50.0,2001-08-22 오전 8:49:25,29,35,"2, 6, 7",1.0,10,23.0,29759,MDEHRWE008,파워세라믹종아리 다이어트(1년감사세일),19500,2001-08-25 10:08:03,1
485,4274,sudoly,710419.0,137-040,14.0,2.0,162.0,52.0,1.0,2,48.0,2001-03-20 오후 4:28:30,,,"1, 6",1.0,10,19.0,29760,MDGFASH004,다이어트 반바지,20000,2001-08-25 10:18:47,1
486,4275,sudoly,710419.0,137-040,14.0,2.0,162.0,52.0,1.0,2,48.0,2001-03-20 오후 4:28:30,,,"1, 6",1.0,10,19.0,29760,MDBWEEK01,1주일다이어트대작전(부록:다이어트다이어리),7300,2001-08-25 10:18:47,1
487,4276,nomi93,741121.0,137-070,12.0,2.0,163.0,60.0,0.0,,53.0,2001-08-22 오전 10:08:32,28,,"3, 5, 7",1.0,2,22.0,29772,PDFFUNC001,내추럴하우스 라인-업(특별사은품:훌라후프),120000,2001-08-25 10:54:14,2
488,4277,jny0901,820901.0,706-100,15.0,2.0,165.0,52.0,0.0,2,48.0,2001-06-11 오전 1:26:26,27,34,"1, 3, 4, 6, 7",2.0,5,19.0,29774,MDGLIKE006,매직마스크(★10만고객돌파기념☆),14900,2001-08-25 11:05:28,1
489,4278,youngya624,570524.0,791-758,14.0,2.0,152.0,46.0,1.0,"1, 2",43.0,2001-08-23 오전 9:01:20,26,35,"2, 6, 7",3.0,"2, 10",19.0,29780,MDGFASH004,다이어트 반바지,20000,2001-08-25 11:28:24,1
490,4279,youngya624,570524.0,791-758,14.0,2.0,152.0,46.0,1.0,"1, 2",43.0,2001-08-23 오전 9:01:20,26,35,"2, 6, 7",3.0,"2, 10",19.0,29781,MDGFASH004,다이어트 반바지,20000,2001-08-25 11:30:14,1
491,4280,youngya624,570524.0,791-758,14.0,2.0,152.0,46.0,1.0,"1, 2",43.0,2001-08-23 오전 9:01:20,26,35,"2, 6, 7",3.0,"2, 10",19.0,29785,MDGFASH004,다이어트 반바지,20000,2001-08-25 11:45:13,1
492,4281,youngya624,570524.0,791-758,14.0,2.0,152.0,46.0,1.0,"1, 2",43.0,2001-08-23 오전 9:01:20,26,35,"2, 6, 7",3.0,"2, 10",19.0,29788,MDGFASH004,다이어트 반바지,20000,2001-08-25 11:54:50,1
493,4282,sg80829,821019.0,131-793,15.0,1.0,177.0,65.0,0.0,,63.0,2001-08-25 오후 12:25:39,,,6,1.0,,20.0,29793,MDEHRWE008,파워세라믹종아리 다이어트(1년감사세일),19500,2001-08-25 12:29:19,1
494,4283,sg80829,821019.0,131-793,15.0,1.0,177.0,65.0,0.0,,63.0,2001-08-25 오후 12:25:39,,,6,1.0,,20.0,29794,MDEPART007,파워세라믹종아리 다이어트(1년 감사세일),19500,2001-08-25 12:33:50,1
495,4284,jun5786,831123.0,330-090,15.0,2.0,159.0,52.0,0.0,1,46.0,2001-08-25 오후 1:36:20,27,,"4, 6",1.0,10,20.0,29799,MDGLIKE006,매직마스크(★10만고객돌파기념☆),14900,2001-08-25 01:41:10,1
496,4285,jun5786,831123.0,330-090,15.0,2.0,159.0,52.0,0.0,1,46.0,2001-08-25 오후 1:36:20,27,,"4, 6",1.0,10,20.0,29801,MDEPART001,매직마스크(☆10만고객돌파기념 대할인),14900,2001-08-25 01:50:20,1
497,4286,redrose0403,701212.0,550-777,14.0,2.0,161.0,50.0,1.0,,48.0,2001-08-25 오후 1:43:36,,,"2, 6, 7",1.0,,19.0,29803,MDEHRWE008,파워세라믹종아리 다이어트(1년감사세일),19500,2001-08-25 01:59:18,1
498,4287,ss6939,750806.0,704-400,12.0,2.0,168.0,67.0,0.0,,60.0,2001-08-25 오후 2:19:05,,,"3, 6",3.0,"8, 10",23.0,29807,MDEHRWE008,파워세라믹종아리 다이어트(1년감사세일),19500,2001-08-25 06:47:09,1
499,4288,jyaung,860101.0,626-861,15.0,2.0,150.0,42.0,0.0,,39.0,2001-05-27 오후 2:40:57,26,,"1, 2, 3, 4, 6, 7",1.0,,18.0,29809,MDEPART001,매직마스크(☆10만고객돌파기념 대할인),14900,2001-08-25 02:41:50,1
500,4289,jihye79,790826.0,151-895,15.0,2.0,158.0,54.0,0.0,"2, 4",45.0,2000-10-28 오후 3:22:53,,,"1, 3, 6, 7",1.0,5,21.0,29812,MDEHRWE008,파워세라믹종아리 다이어트(1년감사세일),19500,2001-08-25 03:16:53,1
501,4293,ravissant,760421.0,706-100,15.0,2.0,157.0,54.0,0.0,"1, 2",48.0,2001-08-25 오후 8:14:15,,,"1, 4, 6",3.0,"1, 2, 3, 4, 5, 7, 8",21.0,29845,MDGLIKE006,매직마스크(★10만고객돌파기념☆),14900,2001-08-25 09:18:52,1
502,4294,twolsj,740116.0,151-774,12.0,2.0,168.0,60.0,0.0,"1, 2",57.0,2001-08-25 오후 8:33:11,28,38,"1, 3, 4, 7",1.0,5,21.0,29846,MDEHRWE011,웨이브 훌라후프 1세트,9900,2001-08-25 08:42:23,1
503,4295,twolsj,740116.0,151-774,12.0,2.0,168.0,60.0,0.0,"1, 2",57.0,2001-08-25 오후 8:33:11,28,38,"1, 3, 4, 7",1.0,5,21.0,29846,MDEETCC008,GDS-미니스텝퍼(1년 감사세일),39900,2001-08-25 08:42:23,1
504,4296,twolsj,740116.0,151-774,12.0,2.0,168.0,60.0,0.0,"1, 2",57.0,2001-08-25 오후 8:33:11,28,38,"1, 3, 4, 7",1.0,5,21.0,29846,MDEHRWE008,파워세라믹종아리 다이어트(1년감사세일),19500,2001-08-25 08:42:23,1
505,4297,pjhee72,720408.0,637-804,14.0,2.0,160.0,58.0,1.0,,54.0,2001-08-25 오후 9:13:21,,,"1, 2, 6",3.0,,22.0,29848,MDEHRWE008,파워세라믹종아리 다이어트(1년감사세일),19500,2001-08-25 09:16:42,1
506,4291,goagogo,800123.0,134-766,15.0,2.0,160.0,57.0,0.0,,53.0,2001-03-04 오전 12:41:44,29,38,"1, 2, 3, 4, 5, 6, 7, 9",5.0,,22.0,29822,GDCMAIL001,굿 다이어트 코치,18000,2001-08-25 05:27:54,1
507,4292,ae182,751015.0,423-030,3.0,2.0,167.0,67.0,0.0,,63.0,2001-06-03 오후 11:18:43,,,"2, 3, 6",3.0,"1, 5",23.0,29825,GDCMAIL001,굿 다이어트 코치,18000,2001-08-25 06:28:25,1
508,4298,genkari,790213.0,406-754,15.0,2.0,163.0,59.0,0.0,"1, 2",55.0,2001-08-25 오후 9:03:50,31,37,"1, 2, 3, 5, 6, 7",1.0,"1, 10",22.0,29854,GDCMAIL001,굿 다이어트 코치,18000,2001-08-25 09:39:34,1
509,4299,lexxy,770503.0,135-010,15.0,2.0,170.0,50.0,0.0,"1, 2, 3, 4",45.0,2001-08-25 오후 10:06:11,25,35,"1, 3, 5, 7",1.0,"2, 4",17.0,29863,PDFFUNC001,내추럴하우스 라인-업(특별사은품:훌라후프),60000,2001-08-25 10:09:24,1
510,4300,echel,830804.0,139-927,15.0,2.0,163.0,45.0,0.0,"2, 4",44.0,2001-08-25 오후 10:17:46,,,"2, 4, 6",5.0,,16.0,29865,MDEHRWE008,파워세라믹종아리 다이어트(1년감사세일),19500,2001-08-25 10:21:40,1
511,4301,kms2017,720102.0,472-862,3.0,2.0,160.0,64.0,0.0,3,50.0,2001-08-25 오후 11:07:29,30,,"1, 2, 6, 8",5.0,"2, 8",25.0,29873,MDEHRWE007,만보계 TA5666,21000,2001-08-25 11:08:15,1
512,4302,sweetie,750821.0,441-838,17.0,2.0,163.0,55.0,0.0,"1, 2, 4",49.0,2000-08-22 오후 2:57:03,30,,"1, 2, 3, 4, 5, 6, 7, 8, 9",2.0,"1, 2, 5, 10",21.0,3092,MDEPART001,매직마스크(☆10만고객돌파기념 대할인),14900,2001-08-27 05:43:36,1
513,4303,alias00,780116.0,431-737,15.0,2.0,163.0,49.0,0.0,"1, 2",45.0,2000-10-26 오후 11:56:05,25,,"1, 2, 3, 4",2.0,10,18.0,4024,MDEPART015,매직리프팅,0,2001-08-27 09:08:38,0
514,4304,fly777,820108.0,330-830,15.0,2.0,161.0,58.0,0.0,,46.0,2000-08-22 오전 5:49:12,,,,,,20.0,5011,MDEPART003,뷰티라인-멀티,22000,2001-08-26 09:05:19,1
515,4305,fly777,820108.0,330-830,15.0,2.0,161.0,58.0,0.0,,46.0,2000-08-22 오전 5:49:12,,,,,,20.0,5011,MDEHRWE003,체중계 디지털 TA1631,52000,2001-08-26 09:05:19,1
516,4306,color28,730620.0,556-852,14.0,2.0,160.0,73.0,1.0,"1, 2",69.0,2000-11-18 오후 9:20:39,36,,"1, 3",4.0,"4, 10",30.0,7028,GDCMAIL001,굿 다이어트 코치,18000,2001-08-27 09:43:36,1
517,3928,ppoonee,820725.0,703-031,17.0,2.0,163.0,55.0,0.0,"1, 2",50.0,2001-08-20 오전 9:52:12,27,,"1, 6",1.0,9,20.0,28473,MDEHRWE008,파워세라믹종아리 다이어트(1년감사세일),19500,2001-08-20 09:54:46,1
518,3929,yoonjhee,800103.0,134-856,15.0,2.0,165.0,56.0,0.0,4,55.0,2001-08-20 오전 10:01:24,27,35,"1, 4",1.0,"4, 5",20.0,28478,MDEPART015,매직리프팅,19900,2001-08-20 10:16:40,1
519,3930,k23436,810217.0,704-340,15.0,2.0,163.0,58.0,0.0,2,54.0,2001-08-06 오전 8:52:28,,,"3, 6",1.0,"1, 2, 7, 8",21.0,28485,GDCMAIL001,굿 다이어트 코치,18000,2001-08-20 10:33:22,1
520,3931,hw6808,680804.0,683-500,14.0,2.0,158.0,50.0,1.0,4,45.0,2000-11-27 오후 5:03:11,23,31,"1, 6",1.0,10,20.0,28486,MDGLIKE001,"오레그 O다리,X다리 교정벨트(고급형)",19900,2001-08-20 10:35:39,1
521,3932,psujung2,800110.0,121-252,17.0,2.0,162.0,54.0,0.0,2,48.0,2001-08-20 오전 10:32:10,28,,"1, 6, 7",5.0,4,20.0,28488,MDGLIKE006,매직마스크(★10만고객돌파기념☆),12900,2001-08-20 10:34:01,1
522,3933,jongeun1,710724.0,152-053,3.0,2.0,159.0,69.0,0.0,,65.0,2001-05-01 오후 8:59:46,30,,"6, 7",3.0,"1, 4, 5, 9",26.0,28495,GDCMAIL001,굿 다이어트 코치,18000,2001-08-20 11:06:38,1
523,3934,wjddusl,790210.0,120-131,3.0,2.0,165.0,67.0,0.0,"2, 3",55.0,2001-07-13 오후 2:55:20,29,32,"1, 3, 6, 7",2.0,"2, 4",24.0,28500,MDGFASH021,헬쓰 런닝 세트(다이어트 상의+반바지+종아리아대),49000,2001-08-20 11:32:09,1
524,3935,dmsgk,860817.0,404-252,15.0,2.0,155.0,45.0,0.0,,40.0,2001-08-20 오전 11:42:43,25,,"1, 6",2.0,4,18.0,28507,MDEHRWE008,파워세라믹종아리 다이어트(1년감사세일),19500,2001-08-20 11:44:57,1
525,3936,sojong97,760301.0,135-841,12.0,2.0,164.0,54.0,0.0,"1, 2",50.0,2000-11-24 오후 10:32:55,,,6,1.0,"4, 10",20.0,28508,MDEHRWE008,파워세라믹종아리 다이어트(1년감사세일),19500,2001-08-20 11:52:37,1
526,3937,twinsson,680228.0,431-745,14.0,2.0,159.0,53.5,1.0,2,48.0,2001-08-20 오전 11:51:27,26,34,"1, 6, 7",3.0,,21.0,28513,MDGFASH004,다이어트 반바지,20000,2001-08-20 11:53:20,1
527,3938,mkcho98,800101.0,463-786,15.0,2.0,165.0,55.0,0.0,2,50.0,2001-08-20 오전 11:54:35,28,,"1, 4, 7, 9",5.0,,20.0,28515,MDGLIKE006,매직마스크(★10만고객돌파기념☆),12900,2001-08-20 11:56:01,1
528,3939,twinsson,680228.0,431-745,14.0,2.0,159.0,53.5,1.0,2,48.0,2001-08-20 오전 11:51:27,26,34,"1, 6, 7",3.0,,21.0,28516,MDEHRWE008,파워세라믹종아리 다이어트(1년감사세일),19500,2001-08-20 11:56:50,1
529,3940,joy3206,800105.0,606-051,12.0,2.0,162.0,57.0,0.0,2,53.0,2001-05-09 오후 6:13:32,27,90,6,5.0,5,20.0,28518,GDCMAIL001,굿 다이어트 코치,18000,2001-08-20 12:06:12,1
530,3941,77lmy,770901.0,156-094,17.0,2.0,160.0,44.5,0.0,1,43.0,2001-02-23 오후 12:21:22,25,,"1, 4, 6",1.0,5,17.0,28520,GDCMAIL001,굿 다이어트 코치,18000,2001-08-20 12:17:44,1
531,3942,77lmy,770901.0,156-094,17.0,2.0,160.0,44.5,0.0,1,43.0,2001-02-23 오후 12:21:22,25,,"1, 4, 6",1.0,5,17.0,28520,MDFFIBE002,클린화이버,20000,2001-08-20 12:17:44,1
532,3943,aness420,730301.0,120-807,7.0,2.0,173.0,67.0,0.0,4,64.0,2001-05-24 오후 2:39:55,,,"1, 2, 6, 7",3.0,1,22.0,28521,GDCMAIL001,굿 다이어트 코치,18000,2001-08-20 12:18:01,1
533,3944,jhryoo,721220.0,151-812,3.0,1.0,172.0,66.0,1.0,,66.0,2001-08-19 오후 2:59:11,,,,,,22.0,28524,MDEHRWE008,파워세라믹종아리 다이어트(1년감사세일),19500,2001-08-20 12:28:19,1
534,3945,gebb,721117.0,157-030,15.0,2.0,159.0,61.5,0.0,2,50.0,2001-08-12 오후 10:53:38,30,,"1, 6",2.0,"1, 7",24.0,28527,PDFMEAL002,싹틴 가족생식20포,55000,2001-08-20 12:32:49,1
535,3946,captainh,760710.0,449-728,12.0,2.0,165.0,80.0,0.0,,58.0,2001-08-17 오후 8:28:27,34,,"1, 2, 3, 6",3.0,"7, 8",29.0,28537,MDGFASH002,다이어트 코르셋,35000,2001-08-20 01:12:54,1
536,3947,dolll,850906.0,690-021,15.0,2.0,163.0,54.0,0.0,2,51.0,2001-08-20 오후 12:37:23,27,35.5,"3, 4",1.0,10,20.0,28538,MDGLIKE006,매직마스크(★10만고객돌파기념☆),12900,2001-08-20 01:20:05,1
537,3948,kkypin,731025.0,403-010,3.0,2.0,164.0,49.0,1.0,4,45.0,2000-11-02 오전 10:42:32,25,,"2, 6",1.0,"4, 5",18.0,28539,MDEHRWE008,파워세라믹종아리 다이어트(1년감사세일),19500,2001-08-20 01:23:16,1
538,3949,jimmydean,820116.0,138-838,15.0,1.0,176.0,66.0,0.0,,73.0,2001-07-25 오후 12:22:15,28,,"2, 4",,,21.0,28541,MDGLIKE006,매직마스크(★10만고객돌파기념☆),12900,2001-08-20 01:24:58,1
539,3951,kjj1533,681017.0,462-121,14.0,2.0,158.0,40.0,1.0,,45.0,2001-08-20 오후 2:35:38,23,,"6, 7",1.0,,16.0,28560,MDEHRWE008,파워세라믹종아리 다이어트(1년감사세일),19500,2001-08-20 02:49:10,1
540,3952,cherry1628,810905.0,701-220,15.0,2.0,158.0,61.0,0.0,2,48.0,2000-10-21 오전 8:42:36,,,6,3.0,"2, 9",24.0,28575,MDEHRWE011,웨이브 훌라후프 1세트,9900,2001-08-20 02:59:32,1
541,3953,nayawha,731207.0,641-530,14.0,2.0,160.0,60.0,1.0,1,50.0,2001-08-20 오후 3:05:08,29,,"1, 2, 6, 7",3.0,1,23.0,28586,MDEHRWE008,파워세라믹종아리 다이어트(1년감사세일),19500,2001-08-20 03:11:25,1
542,3954,myneline,690813.0,110-041,14.0,2.0,158.5,61.0,1.0,,57.0,2000-07-04 오후 3:08:08,,,"1, 2, 3, 5, 6, 7, 8",3.0,"1, 2, 4",23.0,28587,GDCMAIL001,굿 다이어트 코치,18000,2001-08-20 03:16:49,1
543,3955,purine7,800218.0,134-030,15.0,2.0,170.0,51.0,0.0,2,49.0,2001-08-20 오후 3:09:49,,,4,1.0,10,17.0,28589,MDGLIKE006,매직마스크(★10만고객돌파기념☆),14900,2001-08-20 03:12:26,1
544,3956,qorekd,680912.0,487-711,1.0,2.0,163.0,59.0,0.0,,53.0,2000-07-20 오후 5:24:49,,,"2, 3, 7, 8",3.0,1,22.0,28590,MDEETCC008,GDS-미니스텝퍼(1년 감사세일),39900,2001-08-20 03:45:24,1
545,3957,cutiepjy,850930.0,440-302,15.0,2.0,160.0,53.0,0.0,,49.0,2001-08-20 오후 3:15:23,27,,6,1.0,,20.0,28599,MDEHRWE008,파워세라믹종아리 다이어트(1년감사세일),19500,2001-08-20 03:17:24,1
546,3958,jh3630,790101.0,150-813,12.0,2.0,165.0,65.0,0.0,2,52.0,2001-02-02 오후 2:25:44,30,,"1, 3, 4, 7, 8",3.0,,23.0,28611,MDGFASH021,헬쓰 런닝 세트(다이어트 상의+반바지+종아리아대),49000,2001-08-20 03:43:28,1
547,3959,kyeok8,720612.0,459-711,6.0,2.0,160.0,46.1,0.0,2,45.0,2000-07-20 오전 10:51:56,25,,6,5.0,10,18.0,28612,MDEPART007,파워세라믹종아리 다이어트(1년 감사세일),19500,2001-08-20 03:52:51,1
548,3960,qorekd,680912.0,487-711,1.0,2.0,163.0,59.0,0.0,,53.0,2000-07-20 오후 5:24:49,,,"2, 3, 7, 8",3.0,1,22.0,28614,MDEETCC008,GDS-미니스텝퍼(1년 감사세일),39900,2001-08-20 03:52:07,1
549,3961,ts1010yj,710924.0,429-010,14.0,2.0,163.0,62.0,1.0,1,55.0,2001-08-18 오후 10:42:27,30,,"1, 3, 6",1.0,,23.0,28619,MDEHRWE011,웨이브 훌라후프 1세트,9900,2001-08-20 04:03:17,1
550,3962,shire,780704.0,467-860,1.0,2.0,164.0,62.5,0.0,,54.0,2000-06-26 오전 9:24:09,29,,"1, 3, 4, 6, 7",1.0,"4, 5",23.0,28623,MDEHRWE011,웨이브 훌라후프 1세트,9900,2001-08-20 04:33:48,1
551,3963,kdkd00,711111.0,412-220,17.0,2.0,157.0,52.0,0.0,4,50.0,2001-08-20 오후 5:24:14,27,36,"1, 3, 6",1.0,"4, 10",21.0,28637,MDEHRWE008,파워세라믹종아리 다이어트(1년감사세일),19500,2001-08-20 05:27:33,1
552,3964,pak7189,670512.0,449-763,14.0,2.0,151.0,46.0,1.0,2,44.0,2001-08-20 오후 6:10:14,26,88,"1, 7",3.0,,20.0,28649,MDEETCC014,손잡이 달린 고기능 스텝퍼(1년 감사세일),59000,2001-08-20 07:12:08,1
553,3965,parkhwhm,691028.0,449-763,14.0,2.0,151.0,46.0,1.0,,44.0,2001-08-20 오후 6:50:21,26,88,"1, 7",,,20.0,28654,MDEETCC014,손잡이 달린 고기능 스텝퍼(1년 감사세일),59000,2001-08-20 07:04:00,1
554,3966,pretty4793,851016.0,305-761,15.0,2.0,162.0,57.0,0.0,2,50.0,2001-08-20 오후 7:03:00,27,,,1.0,"3, 5",21.0,28655,MDEPART001,매직마스크(☆10만고객돌파기념 대할인),14900,2001-08-20 07:09:04,1
555,3967,yu1774,730221.0,110-091,7.0,2.0,157.0,59.0,0.0,"1, 4",55.0,2001-08-20 오후 6:29:50,26,32,"1, 7",4.0,10,23.0,28659,GDCMAIL001,굿 다이어트 코치,18000,2001-08-20 07:19:23,1
556,3968,cej2654,790902.0,301-150,15.0,2.0,165.0,55.0,0.0,,48.0,2001-08-20 오후 7:51:54,,,,,,20.0,28666,MDEPART003,뷰티라인-멀티,22000,2001-08-20 11:28:57,1
557,3969,eunha4168,810826.0,361-150,15.0,2.0,157.0,52.0,0.0,4,47.0,2001-03-26 오후 1:57:19,27,?,"6, 8",1.0,,21.0,28668,MDEPART007,파워세라믹종아리 다이어트(1년 감사세일),19500,2001-08-20 08:37:30,1
558,3970,clare22,790126.0,403-090,6.0,2.0,158.0,60.0,0.0,2,56.0,2001-08-20 오후 8:02:29,28,36,"2, 6",3.0,10,24.0,28669,GDCMAIL001,굿 다이어트 코치,18000,2001-08-20 08:41:41,1
559,3971,gol337,800617.0,406-130,7.0,2.0,167.0,58.0,0.0,,50.0,2001-08-20 오후 8:52:36,,,6,1.0,"1, 4",20.0,28675,MDEHRWE008,파워세라믹종아리 다이어트(1년감사세일),19500,2001-08-20 08:54:48,1
560,3972,altea,811115.0,641-752,15.0,2.0,156.8,64.0,0.0,4,60.0,2001-06-16 오전 1:22:19,32,38,"1, 7",1.0,5,26.0,28676,PDCGOOD001,퍼펙트 프로그램(특별사은품:종아리다이어트),310000,2001-08-20 09:47:09,1
561,3973,clare22,790126.0,403-090,6.0,2.0,158.0,60.0,0.0,2,56.0,2001-08-20 오후 8:02:29,28,36,"2, 6",3.0,10,24.0,28677,MDEPART005,김원희의 얼굴이 작아졌어요,14500,2001-08-20 09:07:43,1
562,3974,jjuyago,800223.0,447-060,15.0,2.0,162.0,49.0,0.0,"1, 2",45.0,2001-08-20 오후 9:51:03,23,33,"3, 6",1.0,4,18.0,28694,MDEHRWE008,파워세라믹종아리 다이어트(1년감사세일),19500,2001-08-20 09:51:23,1
563,3975,dok444,741224.0,573-420,17.0,1.0,175.0,65.0,0.0,,70.0,2001-08-20 오후 9:51:05,29,,,,,21.0,28695,MDEHRWE008,파워세라믹종아리 다이어트(1년감사세일),19500,2001-08-20 09:55:45,1
